3588 5312
819 359 993 424 ..20..

262 545 359 608 multo
378 543 445 627 plus
468 543 541 608 levis
565 557 737 608 armaturae
760 547 902 605 habuisse
925 549 1019 605 tradit
1042 545 1135 619 (Hell.
1160 545 1249 619 IV3,
1267 543 1328 622 15).
1365 545 1427 607 Sed
1449 557 1561 606 utrum-

262 678 322 735 que
351 679 368 717 a
392 660 600 735 Xenophonte
629 660 773 732 scriptum
801 668 857 716 est.
902 656 1055 729 Quoniam
1084 659 1220 714 neutrius
1244 659 1395 715 exercitus
1420 677 1481 734 quo
1504 677 1561 716 nu-

261 789 346 827 mero
370 770 507 845 singulae
532 765 634 844 partes
657 768 768 825 fuerint
790 768 864 825 satis
888 775 1019 834 constat,
1040 785 1132 823 nemo
1155 784 1211 823 nos
1235 766 1387 837 refutabit,
1413 768 1437 824 si
1453 769 1561 842 Agesi-

262 880 342 936 laum
365 880 438 936 levis
461 887 631 936 armaturae
654 877 797 934 militibus
818 877 1012 954 superiorem,
1036 877 1136 951 gravis
1157 886 1328 934 armaturae
1343 895 1469 934 numero
1485 878 1561 935 infe·

261 991 371 1046 riorem
402 988 493 1046 fuisse
520 989 779 1054 contenderim,
801 987 980 1061 praesertim
1003 1004 1073 1043 eum
1096 985 1200 1061 Cyrios
1230 995 1261 1042 et
1283 989 1560 1046 mercennariorum

261 1116 406 1174 magnum
430 1115 588 1155 numerum
611 1115 649 1153 ex
671 1097 744 1153 Asia
766 1091 856 1170 (Hell.
880 1097 924 1154 IV
948 1097 977 1162 2,
1001 1089 1033 1172 5)
1061 1113 1165 1153 secum
1188 1097 1317 1152 duceret
1340 1115 1484 1154 necnon
1506 1116 1562 1174 per

263 1209 426 1266 Thraciam
448 1218 478 1265 et
491 1207 683 1265 Thessaliam
705 1207 861 1282 profectus
884 1206 993 1263 exiliis
1017 1207 1190 1292 regionibus
1208 1207 1312 1262 velites
1328 1209 1471 1263 mercede
1488 1225 1558 1266 con-

263 1318 416 1391 duxisset3
440 1335 624 1392 quamquam
647 1316 719 1372 mihi
742 1333 805 1372 non
832 1316 931 1372 minus
955 1315 1111 1388 probabile
1132 1315 1251 1372 videtur
1273 1331 1343 1371 esse
1365 1315 1415 1372 illa
1438 1332 1561 1392 quoque

263 1427 355 1484 verba
379 1423 425 1502 (II
448 1425 480 1501 9)
504 1427 611 1483 addita
634 1442 713 1490 esse,
743 1432 775 1479 ut
798 1423 919 1479 victoris
947 1423 1043 1496 gloria
1066 1432 1239 1496 augeretur.

363 1535 566 1610 Dignissimus
590 1535 641 1609 qui
664 1533 836 1590 accuratius
860 1533 1035 1607 inspiciatur
1057 1533 1132 1588 alius
1155 1534 1240 1590 locus
1264 1543 1326 1593 est:

363 1645 395 1702 ΙΙ
420 1647 458 1704 10
481 1639 717 1716 ἀντεξέδραμον
741 1636 806 1700 ἀπὸ
827 1642 884 1714 τῆ(
903 1627 1090 1714 Ἀγηειλάου
1114 1638 1282 1716 φάλογγο(
1306 1638 1351 1703 ὡν
1372 1634 1563 1720 Ἡριππίδα(

263 1749 464 1823 ἐξενάγει-
483 1745 563 1825 ἦεαν
585 1747 612 1810 b'
636 1745 726 1810 οὗτοι
748 1749 812 1809 τάιν
834 1766 869 1808 τε
893 1746 925 1810 ἐξ
947 1745 1036 1808 οἴκου
1060 1746 1147 1830 αὐτῷ
1170 1751 1488 1829 (υετροτευεαμένιυν
1511 1733 1562 1814 κάὶ

263 1861 327 1921 τῶν
346 1857 484 1936 Κυρείων
500 1857 583 1921 τινέε
607 1893 646 1900 -
661 1855 681 1932 1,
706 1856 757 1918 καὶ
779 1853 885 1919 Ἴωνεε
908 1857 944 1918 δέ
967 1856 1018 1918 καὶ
1034 1853 1155 1920 Αἰολεῑ(
1172 1857 1223 1920 καὶ
1239 1857 1478 1936 Ἑλληεπόντιοι
1494 1859 1562 1938 ἐχό-
1612 1847 1614 1854 ἐ

264 1987 352 2046 μενοι
375 1969 643 2058 coll.Hell.lV3,
665 1971 709 2026 17.
732 1963 834 2030 ἀντεξ.
859 1966 887 2028 ά.
910 1962 994 2028 τ.Ἀ.
1017 1986 1052 2044 φ.
1075 1963 1121 2028 ὧν
1141 1959 1330 2044 Ἡριππίδα(
1354 1968 1496 2045 ἐξενάγει
1512 1970 1565 2032 καὶ

208 2106 225 2166 5
264 2078 319 2141 εὺν
341 2076 450 2139 οὐτοῑε
472 2073 579 2139 Ἴυινεε
602 2096 628 2138 κ.
654 2094 681 2137 τ.
705 2076 732 2137 λ.
757 2087 787 2134 et
809 2076 851 2133 lV
875 2079 903 2153 3,
930 2083 976 2138 15.
1005 2076 1086 2152 πρὸ(
1110 2076 1146 2138 δὲ
1167 2076 1292 2139 τούτοιε
1314 2075 1352 2139 οὗ
1379 2068 1562 2155 Ἡριππίδα(

210 2167 231 2218 ‘³'
264 2184 405 2260 ἐξενάγει
426 2189 560 2251 ξενικοῦ,
869 2191 871 2196 ’

364 2297 428 2355 Viri
457 2297 539 2354 docti
566 2298 658 2354 verba
688 2295 728 2370 (ll
752 2291 803 2374 10)
833 2292 1086 2370 ἢεαν....τινέε
1114 2317 1133 2355 a
1154 2299 1362 2374 Xenophonte
1384 2301 1474 2358 scribi
1497 2318 1560 2358 non

264 2411 399 2485 potuisse
422 2409 620 2474 contendunt,
644 2408 754 2482 quippe
778 2408 829 2481 qui
852 2407 1052 2482 Herippidam
1075 2406 1168 2483 Cyriis
1191 2409 1371 2484 praefecerit
1394 2409 1485 2477 (Hell.
1510 2411 1559 2469 HI

264 2523 293 2596 4,
317 2515 370 2595 20)
395 2536 497 2594 neque
519 2514 593 2576 roric
616 2513 648 2576 ἐξ
672 2511 763 2576 οἴκου
786 2512 874 2596 αὐτῷ
897 2515 1227 2592 ευετρατευεομένουε
1248 2505 1491 2595 (νεοδομώδειὸ
1512 2523 1564 2598 ad-

265 2628 380 2702 pellare
403 2628 536 2702 potuerit
558 2621 689 2687 ξενικόν.
722 2624 886 2693 (Ξοιιοεάος
905 2627 960 2682 sed
976 2626 1097 2682 ubinam
1121 2636 1191 2683 sunt
1213 2627 1263 2684 illa
1285 2645 1340 2684 sex
1359 2630 1441 2685 milia
1463 2630 1563 2686 socio·

266 2733 357 2793 ιιιιιι2
377 2738 429 2811 qui
451 2755 520 2794 cum
542 2736 685 2810 Agesilao
706 2736 736 2791 in
760 2736 863 2792 Asiam
885 2731 1090 2792 transierunt?
1117 2737 1169 2793 Me
1193 2737 1293 2793 iudice
1316 2738 1474 2810 Agesilaus
1498 2755 1562 2795 om·

266 2848 340 2904 nino
360 2865 424 2903 non
446 2855 545 2902 totum
564 2845 648 2900 illum
669 2861 827 2901 numerum
853 2863 872 2901 a
894 2845 983 2901 sociis
1007 2845 1136 2920 accepit.
1180 2848 1207 2903 A
1231 2845 1388 2904 Thebanis
1413 2858 1494 2904 certe
1517 2865 1561 2903 re-

266 2958 386 3033 pulsam
409 2957 518 3013 tulerat
541 2954 632 3028 (Hell.
656 2955 694 3012 ΙΙΙ
719 2956 746 3023 5,
766 2953 796 3030 ά)
820 2964 913 3028 atque
937 2973 974 3010 ex
992 2955 1204 3030 Xenophontis
1228 2956 1325 3014 verbis
1341 2955 1395 3028 (ΙΙΙ
1411 2959 1439 3030 4,
1456 2953 1488 3030 4)
1512 2952 1564 3015 καὶ
1638 3004 1643 3014 .

267 3062 416 3127 emittar
439 3062 503 3125 ἐκεῖ
527 3061 604 3125 δεον
626 3061 763 3124 ἐδύνατο
784 3063 842 3123 τοῦ
862 3060 1095 3138 ετρατεύματοε
1117 3064 1270 3125 πλεῖστον
1294 3065 1443 3122 concludo
1466 3065 1566 3122 socio·

267 3190 333 3230 rum
356 3175 468 3232 multos
492 3175 530 3231 ab
553 3174 700 3249 Agesilao
723 3173 833 3231 frustra
856 3182 1052 3248 exspectatos
1078 3191 1152 3231 esse.
1191 3174 1304 3231 Eorum
1326 3191 1399 3230 vero
1421 3175 1472 3247 qui
1494 3193 1564 3231 cum

268 3284 412 3358 Agesilao
435 3285 466 3341 in
490 3284 595 3341 Asiam
617 3283 804 3358 transierunt
826 3299 939 3356 magna
965 3300 1035 3356 pars
1061 3285 1098 3340 ab
1121 3283 1157 3339 iis
1183 3285 1276 3340 missa
1299 3291 1363 3340 erat
1383 3284 1564 3351 civitatibus

268 3411 348 3467 quae
383 3394 465 3450 brevi
496 3401 566 3468 post
600 3411 618 3450 a
649 3392 907 3449 Lacedaemoniis
942 3391 1134 3452 defecerunt.
1158 3424 1198 3432 —
1222 3392 1370 3450 Corinthii
1398 3394 1459 3449 iam
1484 3410 1567 3450 anno

269 3504 329 3562 395
364 3503 537 3560 Pausaniae
567 3504 597 3559 in
631 3502 799 3565 Thebanos
830 3501 1005 3576 profecturo
1043 3503 1151 3558 auxilia
1184 3520 1247 3559 non
1279 3504 1424 3560 miserunt
1451 3511 1569 3560 cetero·

269 3629 397 3688 rumque
427 3613 503 3669 fides
540 3613 700 3686 Lysandro
732 3615 772 3668 ad
803 3610 973 3669 Haliartum
1009 3615 1111 3668 occiso
1136 3613 1216 3669 adeo
1251 3623 1317 3668 erat
1351 3621 1504 3686 suspecta,
1535 3620 1570 3668 ut

270 3721 435 3789 Pausanias
472 3739 541 3778 cum
571 3720 726 3778 Thebanis
760 3722 918 3796 congredi·
940 3720 1036 3778 nollet
1069 3720 1123 3796 (ΙΙΙ
1147 3723 1176 3788 5,
1201 3722 1247 3778 18.
1276 3717 1337 3796 23).
1392 3720 1568 3795 insequenti

269 3849 342 3888 vero
377 3849 458 3888 anno
490 3831 613 3888 nonnisi
646 3831 741 3887 Elidis
772 3831 986 3904 Argolidisque
1019 3825 1163 3905 oppida³
1198 3848 1217 3886 a
1249 3829 1567 3887 Lacedaemoniorum

268 3941 404 4014 partibus
427 3940 560 3997 stabant.
612 3939 685 3995 Veri
712 3940 801 4012 igitur
827 3939 1009 3995 simillimum
1037 3947 1085 3996 est
1112 3939 1292 4014 Agesilaum,
1322 3958 1392 3997 cum
1422 3947 1568 4015 quattuor

271 4048 351 4104 milia
381 4049 508 4105 militum
538 4049 569 4104 in
595 4049 689 4105 Asiae
716 4047 836 4122 oppidis
866 4047 1026 4105 relicturus
1056 4056 1139 4105 esset
1161 4045 1217 4122 (IV
1241 4049 1268 4120 2,
1290 4047 1332 4123 5),
1355 4065 1410 4104 eos
1438 4048 1569 4105 maxime

271 4158 399 4232 elegisse
410 4154 433 4226 4,
457 4176 584 4234 quorum
607 4159 697 4215 urbes
717 4157 835 4232 patriae
857 4156 1147 4215 aLacedaemoniis
1172 4156 1354 4214 defecerant
1375 4157 1488 4232 quique
1509 4157 1570 4213 iam

375 4370 385 4408 1
404 4375 441 4423 sic
459 4375 541 4424 verba
559 4375 747 4438 distinguenda
765 4380 832 4426 sunt.

372 4459 579 4523 ⁹Hetl.1114,
599 4463 724 4527 2=Ag.
745 4463 801 4517 17.

369 4548 380 4584 ⁸
400 4552 459 4600 Elei
477 4551 607 4617 Triphylii
623 4551 748 4602 Lasconii
767 4551 874 4601 Acrorii
892 4551 1011 4618 Sicyonii
1029 4552 1167 4618 Epidaurii
1185 4551 1326 4600 Troezenii
1351 4551 1568 4604 Hermionenses.

368 4637 500 4691 4Herbst
519 4641 588 4706 (ann.
607 4640 671 4706 phil.
693 4640 735 4693 77.
752 4639 817 4706 691)
837 4640 922 4690 socios
945 4640 1006 4690 illos
1029 4656 1086 4690 eum
1105 4639 1235 4704 Agesilao
1253 4641 1281 4688 in
1299 4640 1434 4705 Europam
1458 4641 1571 4691 rediisse

271 4738 297 4778 et
315 4730 462 4794 Herippida
480 4730 547 4778 duce
567 4730 600 4779 ad
620 4729 768 4778 Coroneam
786 4729 954 4778 dimicavisse
973 4735 1071 4780 censet.
