<?xml version="1.0" encoding="UTF-8"?>
<!DOCTYPE html PUBLIC "-//W3C//DTD XHTML 1.0 Transitional//EN"
    "http://www.w3.org/TR/xhtml1/DTD/xhtml1-transitional.dtd">
<html xmlns="http://www.w3.org/1999/xhtml" xml:lang="en" lang="en">
 <head>
  <title>
</title>
<meta http-equiv="Content-Type" content="text/html;charset=utf-8" />
  <meta name='ocr-system' content='tesseract 3.04.00' />
  <meta name='ocr-capabilities' content='ocr_page ocr_carea ocr_par ocr_line ocrx_word'/>
</head>
<body>
  <div class='ocr_page' id='page_1' title='image "./quaestionesbiog00lippgoog_0047.png"; bbox 0 0 3588 5312; ppageno 0'>
   <div class='ocr_carea' id='block_1_1' title="bbox 810 445 987 504">
    <p class='ocr_par' dir='ltr' id='par_1_1' title="bbox 810 445 987 504">
     <span class='ocr_line' id='line_1_1' title="bbox 810 445 987 504; baseline 0 -15"><span class='ocrx_word' id='word_1_1' title='bbox 810 445 987 504; x_wconf 72' lang='lat'>„42-</span> 
     </span>
    </p>
   </div>
   <div class='ocr_carea' id='block_1_2' title="bbox 251 624 1548 1362">
    <p class='ocr_par' dir='ltr' id='par_1_2' title="bbox 251 624 1548 1362">
     <span class='ocr_line' id='line_1_2' title="bbox 253 624 1546 704; baseline 0 -20"><span class='ocrx_word' id='word_1_2' title='bbox 253 624 496 688; x_wconf 86' lang='lat' dir='ltr'>declamantium.</span> <span class='ocrx_word' id='word_1_3' title='bbox 541 625 590 685; x_wconf 87' lang='lat' dir='ltr'>Ne</span> <span class='ocrx_word' id='word_1_4' title='bbox 611 627 719 704; x_wconf 84' lang='lat' dir='ltr'>longus</span> <span class='ocrx_word' id='word_1_5' title='bbox 749 627 806 686; x_wconf 89' lang='lat' dir='ltr'>sim</span> <span class='ocrx_word' id='word_1_6' title='bbox 833 626 961 704; x_wconf 86' lang='lat' dir='ltr'>Nepotis</span> <span class='ocrx_word' id='word_1_7' title='bbox 989 627 1091 686; x_wconf 88' lang='lat' dir='ltr'>fontes</span> <span class='ocrx_word' id='word_1_8' title='bbox 1121 626 1198 687; x_wconf 88' lang='lat' dir='ltr'>tales</span> <span class='ocrx_word' id='word_1_9' title='bbox 1220 626 1315 686; x_wconf 86' lang='lat' dir='ltr'>fuisse</span> <span class='ocrx_word' id='word_1_10' title='bbox 1336 634 1412 703; x_wconf 91' lang='lat' dir='ltr'>puto</span> <span class='ocrx_word' id='word_1_11' title='bbox 1440 625 1546 703; x_wconf 85' lang='lat' dir='ltr'>quales</span> 
     </span>
     <span class='ocr_line' id='line_1_3' title="bbox 253 734 1548 808; baseline 0 -14"><span class='ocrx_word' id='word_1_12' title='bbox 253 737 345 794; x_wconf 88' lang='lat' dir='ltr'>etiam</span> <span class='ocrx_word' id='word_1_13' title='bbox 368 734 479 794; x_wconf 90' lang='lat' dir='ltr'>Cicero</span> <span class='ocrx_word' id='word_1_14' title='bbox 510 735 633 796; x_wconf 89' lang='lat' dir='ltr'>novisse</span> <span class='ocrx_word' id='word_1_15' title='bbox 666 743 699 794; x_wconf 89' lang='lat' dir='ltr'>et</span> <span class='ocrx_word' id='word_1_16' title='bbox 729 736 907 794; x_wconf 84' lang='lat' dir='ltr'>adhibuisse</span> <span class='ocrx_word' id='word_1_17' title='bbox 940 736 1068 796; x_wconf 89' lang='lat' dir='ltr'>videtur.</span> <span class='ocrx_word' id='word_1_18' title='bbox 1112 735 1196 795; x_wconf 88' lang='lat' dir='ltr'><strong>Dicit</strong></span> <span class='ocrx_word' id='word_1_19' title='bbox 1224 735 1305 794; x_wconf 90' lang='lat' dir='ltr'>enim</span> <span class='ocrx_word' id='word_1_20' title='bbox 1339 735 1393 808; x_wconf 90' lang='lat' dir='ltr'>(de</span> <span class='ocrx_word' id='word_1_21' title='bbox 1415 744 1491 796; x_wconf 90' lang='lat' dir='ltr'>orat.</span> <span class='ocrx_word' id='word_1_22' title='bbox 1519 735 1548 794; x_wconf 88' lang='grc' dir='ltr'>ΙΙ</span> 
     </span>
     <span class='ocr_line' id='line_1_4' title="bbox 252 834 1547 923; baseline -0.001 -20"><span class='ocrx_word' id='word_1_23' title='bbox 252 847 302 922; x_wconf 86' lang='grc'>84,</span> <span class='ocrx_word' id='word_1_24' title='bbox 323 838 411 923; x_wconf 81' lang='grc'>341);</span> <span class='ocrx_word' id='word_1_25' title='bbox 442 834 512 922; x_wconf 89' lang='lat' dir='ltr'>‘ipsi</span> <span class='ocrx_word' id='word_1_26' title='bbox 536 845 617 904; x_wconf 88' lang='lat' dir='ltr'>enim</span> <span class='ocrx_word' id='word_1_27' title='bbox 639 845 750 904; x_wconf 90' lang='lat' dir='ltr'>Graeci</span> <span class='ocrx_word' id='word_1_28' title='bbox 777 847 874 922; x_wconf 87' lang='lat' dir='ltr'>magis</span> <span class='ocrx_word' id='word_1_29' title='bbox 895 847 1020 922; x_wconf 87' lang='lat' dir='ltr'>legendi</span> <span class='ocrx_word' id='word_1_30' title='bbox 1042 854 1074 905; x_wconf 91' lang='lat' dir='ltr'>et</span> <span class='ocrx_word' id='word_1_31' title='bbox 1101 845 1317 905; x_wconf 85' lang='lat' dir='ltr'>delectationis</span> <span class='ocrx_word' id='word_1_32' title='bbox 1340 854 1394 904; x_wconf 89' lang='lat' dir='ltr'>aut</span> <span class='ocrx_word' id='word_1_33' title='bbox 1417 845 1547 904; x_wconf 90' lang='lat' dir='ltr'>hominis</span> 
     </span>
     <span class='ocr_line' id='line_1_5' title="bbox 253 954 1547 1032; baseline -0.001 -20"><span class='ocrx_word' id='word_1_34' title='bbox 253 954 411 1012; x_wconf 90' lang='lat' dir='ltr'>cuiusdam</span> <span class='ocrx_word' id='word_1_35' title='bbox 433 955 562 1014; x_wconf 88' lang='lat' dir='ltr'>ornandi</span> <span class='ocrx_word' id='word_1_36' title='bbox 585 973 674 1032; x_wconf 90' lang='lat' dir='ltr'>quam</span> <span class='ocrx_word' id='word_1_37' title='bbox 697 955 835 1014; x_wconf 86' lang='lat' dir='ltr'>utilitatis</span> <span class='ocrx_word' id='word_1_38' title='bbox 863 956 992 1014; x_wconf 85' lang='lat' dir='ltr'>lorensis</span> <span class='ocrx_word' id='word_1_39' title='bbox 1015 973 1110 1014; x_wconf 93' lang='lat' dir='ltr'>causa</span> <span class='ocrx_word' id='word_1_40' title='bbox 1135 955 1329 1014; x_wconf 86' lang='lat' dir='ltr'>laudationes</span> <span class='ocrx_word' id='word_1_41' title='bbox 1357 954 1547 1031; x_wconf 88' lang='lat' dir='ltr'>scriptitave-</span> 
     </span>
     <span class='ocr_line' id='line_1_6' title="bbox 251 1063 1545 1142; baseline 0 -20"><span class='ocrx_word' id='word_1_42' title='bbox 251 1070 334 1133; x_wconf 90' lang='lat' dir='ltr'>runt;</span> <span class='ocrx_word' id='word_1_43' title='bbox 368 1081 495 1140; x_wconf 90' lang='lat' dir='ltr'>quorum</span> <span class='ocrx_word' id='word_1_44' title='bbox 517 1072 588 1123; x_wconf 92' lang='lat' dir='ltr'>sunt</span> <span class='ocrx_word' id='word_1_45' title='bbox 610 1065 680 1130; x_wconf 87' lang='lat' dir='ltr'>libri</span> <span class='ocrx_word' id='word_1_46' title='bbox 708 1065 820 1142; x_wconf 91' lang='lat' dir='ltr'>quibus</span> <span class='ocrx_word' id='word_1_47' title='bbox 844 1063 1068 1124; x_wconf 90' lang='lat' dir='ltr'>Themistocles</span> <span class='ocrx_word' id='word_1_48' title='bbox 1102 1065 1250 1123; x_wconf 83' lang='lat' dir='ltr'>Aristides</span> <span class='ocrx_word' id='word_1_49' title='bbox 1283 1063 1444 1139; x_wconf 86' lang='lat' dir='ltr'>Agesilaus</span> <span class='ocrx_word' id='word_1_50' title='bbox 1464 1063 1545 1139; x_wconf 88' lang='lat' dir='ltr'>Epa-</span> 
     </span>
     <span class='ocr_line' id='line_1_7' title="bbox 252 1159 1545 1250; baseline 0 -19"><span class='ocrx_word' id='word_1_51' title='bbox 252 1173 417 1231; x_wconf 89' lang='lat' dir='ltr'>minondas</span> <span class='ocrx_word' id='word_1_52' title='bbox 438 1172 591 1250; x_wconf 90' lang='lat' dir='ltr'>Philippus</span> <span class='ocrx_word' id='word_1_53' title='bbox 618 1173 791 1234; x_wconf 84' lang='lat' dir='ltr'>Alexander</span> <span class='ocrx_word' id='word_1_54' title='bbox 812 1173 924 1250; x_wconf 91' lang='lat' dir='ltr'>aliique</span> <span class='ocrx_word' id='word_1_55' title='bbox 946 1159 1119 1232; x_wconf 86' lang='lat' dir='ltr'>laudantnr&#39;</span> <span class='ocrx_word' id='word_1_56' title='bbox 1140 1193 1167 1231; x_wconf 90' lang='lat' dir='ltr'>e.</span> <span class='ocrx_word' id='word_1_57' title='bbox 1189 1191 1219 1248; x_wconf 91' lang='lat' dir='ltr'>q.</span> <span class='ocrx_word' id='word_1_58' title='bbox 1241 1190 1263 1234; x_wconf 89' lang='lat' dir='ltr'>s.</span> <span class='ocrx_word' id='word_1_59' title='bbox 1307 1171 1414 1248; x_wconf 88' lang='lat' dir='ltr'>Nepos</span> <span class='ocrx_word' id='word_1_60' title='bbox 1442 1180 1545 1231; x_wconf 91' lang='lat' dir='ltr'>autem</span> 
     </span>
     <span class='ocr_line' id='line_1_8' title="bbox 251 1263 1546 1362; baseline 0.002 -22"><span class='ocrx_word' id='word_1_61' title='bbox 251 1281 285 1340; x_wconf 93' lang='lat' dir='ltr'>id</span> <span class='ocrx_word' id='word_1_62' title='bbox 305 1281 367 1342; x_wconf 88' lang='lat' dir='ltr'>iere</span> <span class='ocrx_word' id='word_1_63' title='bbox 385 1282 494 1342; x_wconf 86' lang='lat' dir='ltr'>fecisse</span> <span class='ocrx_word' id='word_1_64' title='bbox 509 1263 661 1358; x_wconf 86' lang='lat' dir='ltr'>putandus</span> <span class='ocrx_word' id='word_1_65' title='bbox 683 1292 739 1352; x_wconf 89' lang='lat' dir='ltr'>est,</span> <span class='ocrx_word' id='word_1_66' title='bbox 761 1285 846 1359; x_wconf 92' lang='lat' dir='ltr'>qnod</span> <span class='ocrx_word' id='word_1_67' title='bbox 864 1284 1028 1342; x_wconf 89' lang='lat' dir='ltr'>Suetonius</span> <span class='ocrx_word' id='word_1_68' title='bbox 1052 1280 1107 1359; x_wconf 87' lang='lat' dir='ltr'>(de</span> <span class='ocrx_word' id='word_1_69' title='bbox 1130 1281 1242 1348; x_wconf 77' lang='lat' dir='ltr'>rhetor,</span> <span class='ocrx_word' id='word_1_70' title='bbox 1269 1277 1302 1362; x_wconf 89' lang='lat'>1)</span> <span class='ocrx_word' id='word_1_71' title='bbox 1325 1282 1493 1359; x_wconf 91' lang='lat' dir='ltr'>discipulos</span> <span class='ocrx_word' id='word_1_72' title='bbox 1515 1283 1546 1342; x_wconf 92' lang='lat' dir='ltr'>in</span> 
     </span>
    </p>
   </div>
   <div class='ocr_carea' id='block_1_3' title="bbox 250 1387 1548 2242">
    <p class='ocr_par' dir='ltr' id='par_1_3' title="bbox 250 1387 1548 2242">
     <span class='ocr_line' id='line_1_9' title="bbox 251 1387 1546 1470; baseline -0.002 -18"><span class='ocrx_word' id='word_1_73' title='bbox 251 1393 362 1452; x_wconf 90' lang='lat' dir='ltr'>scholis</span> <span class='ocrx_word' id='word_1_74' title='bbox 386 1393 503 1452; x_wconf 86' lang='lat' dir='ltr'>discere</span> <span class='ocrx_word' id='word_1_75' title='bbox 523 1395 616 1452; x_wconf 87' lang='lat' dir='ltr'>tradit</span> <span class='ocrx_word' id='word_1_76' title='bbox 644 1387 810 1454; x_wconf 85' lang='lat' dir='ltr'>‘interdum</span> <span class='ocrx_word' id='word_1_77' title='bbox 833 1394 1020 1454; x_wconf 89' lang='lat' dir='ltr'>Graecorum</span> <span class='ocrx_word' id='word_1_78' title='bbox 1052 1395 1165 1470; x_wconf 91' lang='lat' dir='ltr'>scripta</span> <span class='ocrx_word' id='word_1_79' title='bbox 1197 1401 1375 1453; x_wconf 90' lang='lat' dir='ltr'>convertere</span> <span class='ocrx_word' id='word_1_80' title='bbox 1400 1411 1436 1451; x_wconf 91' lang='lat' dir='ltr'>ac</span> <span class='ocrx_word' id='word_1_81' title='bbox 1466 1393 1546 1451; x_wconf 89' lang='lat' dir='ltr'>viros</span> 
     </span>
     <span class='ocr_line' id='line_1_10' title="bbox 251 1497 1547 1582; baseline 0 -20"><span class='ocrx_word' id='word_1_82' title='bbox 251 1503 391 1564; x_wconf 90' lang='lat' dir='ltr'>inlustres</span> <span class='ocrx_word' id='word_1_83' title='bbox 419 1505 546 1564; x_wconf 86' lang='lat' dir='ltr'>laudare</span> <span class='ocrx_word' id='word_1_84' title='bbox 568 1503 615 1561; x_wconf 90' lang='lat' dir='ltr'>vel</span> <span class='ocrx_word' id='word_1_85' title='bbox 637 1497 826 1580; x_wconf 86' lang='lat' dir='ltr'>vituperare&#39;.</span> <span class='ocrx_word' id='word_1_86' title='bbox 872 1503 1005 1564; x_wconf 90' lang='lat' dir='ltr'>Omnino</span> <span class='ocrx_word' id='word_1_87' title='bbox 1027 1503 1154 1582; x_wconf 89' lang='lat' dir='ltr'>Nepotis</span> <span class='ocrx_word' id='word_1_88' title='bbox 1182 1503 1335 1562; x_wconf 91' lang='lat' dir='ltr'>sententia</span> <span class='ocrx_word' id='word_1_89' title='bbox 1357 1502 1483 1561; x_wconf 91' lang='lat' dir='ltr'>historia</span> <span class='ocrx_word' id='word_1_90' title='bbox 1508 1504 1547 1562; x_wconf 92' lang='lat' dir='ltr'>ab</span> 
     </span>
     <span class='ocr_line' id='line_1_11' title="bbox 252 1613 1546 1691; baseline 0 -19"><span class='ocrx_word' id='word_1_91' title='bbox 252 1613 428 1691; x_wconf 88' lang='lat' dir='ltr'>eloquentia</span> <span class='ocrx_word' id='word_1_92' title='bbox 449 1631 512 1672; x_wconf 91' lang='lat' dir='ltr'>non</span> <span class='ocrx_word' id='word_1_93' title='bbox 535 1613 629 1672; x_wconf 86' lang='lat' dir='ltr'>debet</span> <span class='ocrx_word' id='word_1_94' title='bbox 650 1614 794 1690; x_wconf 88' lang='lat' dir='ltr'>separari,</span> <span class='ocrx_word' id='word_1_95' title='bbox 817 1614 849 1670; x_wconf 95' lang='lat' dir='ltr'>id</span> <span class='ocrx_word' id='word_1_96' title='bbox 868 1615 952 1690; x_wconf 91' lang='lat' dir='ltr'>quod</span> <span class='ocrx_word' id='word_1_97' title='bbox 972 1613 1083 1690; x_wconf 89' lang='lat' dir='ltr'>ipsein</span> <span class='ocrx_word' id='word_1_98' title='bbox 1106 1613 1182 1671; x_wconf 91' lang='lat' dir='ltr'>libro</span> <span class='ocrx_word' id='word_1_99' title='bbox 1201 1615 1243 1671; x_wconf 92' lang='lat' dir='ltr'>de</span> <span class='ocrx_word' id='word_1_100' title='bbox 1264 1613 1413 1672; x_wconf 89' lang='lat' dir='ltr'>historicis</span> <span class='ocrx_word' id='word_1_101' title='bbox 1428 1613 1546 1672; x_wconf 89' lang='lat' dir='ltr'>Latinis</span> 
     </span>
     <span class='ocr_line' id='line_1_12' title="bbox 252 1717 1547 1800; baseline 0.002 -21"><span class='ocrx_word' id='word_1_102' title='bbox 252 1717 300 1798; x_wconf 84' lang='lat' dir='ltr'>(ir.</span> <span class='ocrx_word' id='word_1_103' title='bbox 317 1724 355 1782; x_wconf 89' lang='grc'>26</span> <span class='ocrx_word' id='word_1_104' title='bbox 372 1721 475 1799; x_wconf 88' lang='lat' dir='ltr'>Halm)</span> <span class='ocrx_word' id='word_1_105' title='bbox 498 1721 679 1783; x_wconf 88' lang='lat' dir='ltr'>Ciceronem</span> <span class='ocrx_word' id='word_1_106' title='bbox 700 1725 829 1782; x_wconf 88' lang='lat' dir='ltr'>laudans</span> <span class='ocrx_word' id='word_1_107' title='bbox 851 1724 1038 1800; x_wconf 87' lang='lat' dir='ltr'>pronuntiat,</span> <span class='ocrx_word' id='word_1_108' title='bbox 1063 1724 1115 1800; x_wconf 92' lang='lat' dir='ltr'>qui</span> <span class='ocrx_word' id='word_1_109' title='bbox 1137 1741 1213 1782; x_wconf 90' lang='lat' dir='ltr'>unus</span> <span class='ocrx_word' id='word_1_110' title='bbox 1235 1717 1377 1799; x_wconf 83' lang='lat' dir='ltr'>‘potnerit</span> <span class='ocrx_word' id='word_1_111' title='bbox 1399 1731 1431 1781; x_wconf 92' lang='lat' dir='ltr'>et</span> <span class='ocrx_word' id='word_1_112' title='bbox 1452 1724 1547 1782; x_wconf 91' lang='lat' dir='ltr'>etiam</span> 
     </span>
     <span class='ocr_line' id='line_1_13' title="bbox 251 1831 1546 1912; baseline 0.002 -22"><span class='ocrx_word' id='word_1_113' title='bbox 251 1831 390 1891; x_wconf 88' lang='lat' dir='ltr'>debuerit</span> <span class='ocrx_word' id='word_1_114' title='bbox 405 1831 560 1890; x_wconf 91' lang='lat' dir='ltr'>histotiam</span> <span class='ocrx_word' id='word_1_115' title='bbox 576 1833 671 1908; x_wconf 83' lang='lat' dir='ltr'>digna</span> <span class='ocrx_word' id='word_1_116' title='bbox 692 1849 769 1890; x_wconf 94' lang='lat' dir='ltr'>voce</span> <span class='ocrx_word' id='word_1_117' title='bbox 784 1832 991 1907; x_wconf 86' lang='lat' dir='ltr'>pronuntiare,</span> <span class='ocrx_word' id='word_1_118' title='bbox 1016 1835 1129 1910; x_wconf 88' lang='lat' dir='ltr'>qnippe</span> <span class='ocrx_word' id='word_1_119' title='bbox 1144 1834 1196 1912; x_wconf 92' lang='lat' dir='ltr'>qui</span> <span class='ocrx_word' id='word_1_120' title='bbox 1219 1834 1384 1892; x_wconf 89' lang='lat' dir='ltr'>oratoriam</span> <span class='ocrx_word' id='word_1_121' title='bbox 1399 1833 1546 1910; x_wconf 90' lang='lat' dir='ltr'>eloquen-</span> 
     </span>
     <span class='ocr_line' id='line_1_14' title="bbox 250 1941 1548 2020; baseline 0.002 -20"><span class='ocrx_word' id='word_1_122' title='bbox 250 1941 325 2000; x_wconf 85' lang='lat' dir='ltr'>tiam</span> <span class='ocrx_word' id='word_1_123' title='bbox 347 1943 455 2001; x_wconf 86' lang='lat' dir='ltr'>rudem</span> <span class='ocrx_word' id='word_1_124' title='bbox 477 1959 495 2000; x_wconf 90' lang='lat' dir='ltr'>a</span> <span class='ocrx_word' id='word_1_125' title='bbox 516 1942 682 2000; x_wconf 91' lang='lat' dir='ltr'>maioribus</span> <span class='ocrx_word' id='word_1_126' title='bbox 710 1951 871 2017; x_wconf 89' lang='lat' dir='ltr'>acceptam</span> <span class='ocrx_word' id='word_1_127' title='bbox 890 1943 1095 2020; x_wconf 89' lang='lat' dir='ltr'>perpoliverit,</span> <span class='ocrx_word' id='word_1_128' title='bbox 1128 1942 1354 2019; x_wconf 90' lang='lat' dir='ltr'>philosophiam</span> <span class='ocrx_word' id='word_1_129' title='bbox 1375 1950 1448 2003; x_wconf 89' lang='lat' dir='ltr'>ante</span> <span class='ocrx_word' id='word_1_130' title='bbox 1477 1961 1548 2002; x_wconf 90' lang='lat' dir='ltr'>eum</span> 
     </span>
     <span class='ocr_line' id='line_1_15' title="bbox 251 2039 1547 2127; baseline 0.003 -19"><span class='ocrx_word' id='word_1_131' title='bbox 251 2050 438 2127; x_wconf 90' lang='lat' dir='ltr'>incomptam</span> <span class='ocrx_word' id='word_1_132' title='bbox 463 2053 605 2112; x_wconf 89' lang='lat' dir='ltr'>Latinam</span> <span class='ocrx_word' id='word_1_133' title='bbox 634 2071 689 2111; x_wconf 91' lang='lat' dir='ltr'>sua</span> <span class='ocrx_word' id='word_1_134' title='bbox 722 2052 958 2111; x_wconf 83' lang='lat' dir='ltr'>conformaverit</span> <span class='ocrx_word' id='word_1_135' title='bbox 982 2039 1149 2127; x_wconf 57' lang='lat' dir='ltr'>oratione.</span> <span class='ocrx_word' id='word_1_136' title='bbox 1191 2053 1354 2112; x_wconf 86' lang='lat' dir='ltr'>Praeterea</span> <span class='ocrx_word' id='word_1_137' title='bbox 1391 2053 1442 2113; x_wconf 91' lang='lat' dir='ltr'>alii</span> <span class='ocrx_word' id='word_1_138' title='bbox 1476 2061 1547 2112; x_wconf 92' lang='lat' dir='ltr'>sunt</span> 
     </span>
     <span class='ocr_line' id='line_1_16' title="bbox 251 2160 1547 2242; baseline 0.003 -26"><span class='ocrx_word' id='word_1_139' title='bbox 251 2160 387 2232; x_wconf 90' lang='lat' dir='ltr'>adhibiti,</span> <span class='ocrx_word' id='word_1_140' title='bbox 409 2162 462 2238; x_wconf 91' lang='lat' dir='ltr'>qui</span> <span class='ocrx_word' id='word_1_141' title='bbox 495 2162 542 2220; x_wconf 89' lang='lat' dir='ltr'>vel</span> <span class='ocrx_word' id='word_1_142' title='bbox 571 2163 702 2220; x_wconf 90' lang='lat' dir='ltr'>virorum</span> <span class='ocrx_word' id='word_1_143' title='bbox 729 2162 899 2221; x_wconf 89' lang='lat' dir='ltr'>inlustrium</span> <span class='ocrx_word' id='word_1_144' title='bbox 925 2162 1002 2222; x_wconf 89' lang='lat' dir='ltr'>vitas</span> <span class='ocrx_word' id='word_1_145' title='bbox 1034 2164 1200 2222; x_wconf 88' lang='lat' dir='ltr'>tradebant</span> <span class='ocrx_word' id='word_1_146' title='bbox 1233 2163 1323 2222; x_wconf 89' lang='lat' dir='ltr'>sicuti</span> <span class='ocrx_word' id='word_1_147' title='bbox 1345 2163 1471 2242; x_wconf 88' lang='lat' dir='ltr'>Satyrus</span> <span class='ocrx_word' id='word_1_148' title='bbox 1499 2162 1547 2220; x_wconf 90' lang='lat' dir='ltr'>vel</span> 
     </span>
    </p>
   </div>
   <div class='ocr_carea' id='block_1_4' title="bbox 250 2265 1642 2350">
    <p class='ocr_par' dir='ltr' id='par_1_4' title="bbox 250 2265 1642 2350">
     <span class='ocr_line' id='line_1_17' title="bbox 250 2265 1642 2350; baseline -0.001 -22"><span class='ocrx_word' id='word_1_149' title='bbox 250 2271 398 2329; x_wconf 89' lang='lat' dir='ltr'>notabilia</span> <span class='ocrx_word' id='word_1_150' title='bbox 420 2278 637 2348; x_wconf 84' lang='lat' dir='ltr'>excerpserant</span> <span class='ocrx_word' id='word_1_151' title='bbox 658 2265 699 2350; x_wconf 86' lang='lat' dir='ltr'>(e.</span> <span class='ocrx_word' id='word_1_152' title='bbox 713 2289 757 2347; x_wconf 83' lang='lat' dir='ltr'>gr.</span> <span class='ocrx_word' id='word_1_153' title='bbox 772 2271 880 2350; x_wconf 87' lang='lat' dir='ltr'>Epam,</span> <span class='ocrx_word' id='word_1_154' title='bbox 896 2268 938 2346; x_wconf 82' lang='lat' dir='ltr'>X)</span> <span class='ocrx_word' id='word_1_155' title='bbox 951 2267 971 2334; x_wconf 90' lang='lat'>¹.</span> <span class='ocrx_word' id='word_1_156' title='bbox 1006 2272 1056 2330; x_wconf 88' lang='lat' dir='ltr'>Sic</span> <span class='ocrx_word' id='word_1_157' title='bbox 1077 2273 1192 2331; x_wconf 87' lang='lat' dir='ltr'>factum</span> <span class='ocrx_word' id='word_1_158' title='bbox 1213 2281 1272 2348; x_wconf 92' lang='lat' dir='ltr'>est,</span> <span class='ocrx_word' id='word_1_159' title='bbox 1292 2281 1326 2331; x_wconf 91' lang='lat' dir='ltr'>nt</span> <span class='ocrx_word' id='word_1_160' title='bbox 1347 2273 1449 2332; x_wconf 90' lang='lat' dir='ltr'>multis</span> <span class='ocrx_word' id='word_1_161' title='bbox 1473 2273 1546 2332; x_wconf 90' lang='lat' dir='ltr'>locis</span> <span class='ocrx_word' id='word_1_162' title='bbox 1638 2318 1642 2326; x_wconf 93' lang='lat'><em>.</em></span> 
     </span>
    </p>
   </div>
   <div class='ocr_carea' id='block_1_5' title="bbox 248 2375 1549 4106">
    <p class='ocr_par' dir='ltr' id='par_1_5' title="bbox 248 2375 1549 4106">
     <span class='ocr_line' id='line_1_18' title="bbox 252 2375 1548 2459; baseline 0.002 -22"><span class='ocrx_word' id='word_1_163' title='bbox 252 2377 447 2456; x_wconf 78' lang='lat' dir='ltr'>Polyaenus2</span> <span class='ocrx_word' id='word_1_164' title='bbox 479 2389 510 2437; x_wconf 91' lang='lat' dir='ltr'>et</span> <span class='ocrx_word' id='word_1_165' title='bbox 539 2381 704 2438; x_wconf 91' lang='lat' dir='ltr'>Frontinus</span> <span class='ocrx_word' id='word_1_166' title='bbox 731 2375 853 2458; x_wconf 89' lang='lat' dir='ltr'>(Them.</span> <span class='ocrx_word' id='word_1_167' title='bbox 874 2380 889 2440; x_wconf 97' lang='lat' dir='ltr'>I</span> <span class='ocrx_word' id='word_1_168' title='bbox 912 2383 939 2451; x_wconf 92' lang='lat'>1,</span> <span class='ocrx_word' id='word_1_169' title='bbox 965 2383 1013 2442; x_wconf 91' lang='lat'>10.</span> <span class='ocrx_word' id='word_1_170' title='bbox 1038 2385 1067 2458; x_wconf 83' lang='lat'>2,</span> <span class='ocrx_word' id='word_1_171' title='bbox 1094 2385 1143 2441; x_wconf 82' lang='lat'>14.</span> <span class='ocrx_word' id='word_1_172' title='bbox 1166 2385 1193 2453; x_wconf 91' lang='grc'>6,</span> <span class='ocrx_word' id='word_1_173' title='bbox 1216 2378 1249 2459; x_wconf 88' lang='grc'>8)</span> <span class='ocrx_word' id='word_1_174' title='bbox 1282 2384 1366 2442; x_wconf 87' lang='lat' dir='ltr'>idern</span> <span class='ocrx_word' id='word_1_175' title='bbox 1381 2379 1548 2442; x_wconf 79' lang='lat' dir='ltr'>‘traderent</span> 
     </span>
     <span class='ocr_line' id='line_1_19' title="bbox 252 2488 1547 2570; baseline 0.002 -22"><span class='ocrx_word' id='word_1_176' title='bbox 252 2497 344 2566; x_wconf 90' lang='lat' dir='ltr'>atque</span> <span class='ocrx_word' id='word_1_177' title='bbox 366 2489 481 2566; x_wconf 82' lang='lat' dir='ltr'>Nepos.</span> <span class='ocrx_word' id='word_1_178' title='bbox 524 2488 633 2566; x_wconf 89' lang='lat' dir='ltr'>Neque</span> <span class='ocrx_word' id='word_1_179' title='bbox 662 2488 723 2550; x_wconf 91' lang='lat' dir='ltr'>iam</span> <span class='ocrx_word' id='word_1_180' title='bbox 750 2491 933 2566; x_wconf 84' lang='lat' dir='ltr'>mirabimur,</span> <span class='ocrx_word' id='word_1_181' title='bbox 967 2493 1053 2566; x_wconf 87' lang='lat' dir='ltr'>quod</span> <span class='ocrx_word' id='word_1_182' title='bbox 1077 2492 1162 2550; x_wconf 92' lang='lat' dir='ltr'>Arati</span> <span class='ocrx_word' id='word_1_183' title='bbox 1184 2493 1359 2552; x_wconf 89' lang='lat' dir='ltr'>Cleomenis</span> <span class='ocrx_word' id='word_1_184' title='bbox 1386 2493 1547 2570; x_wconf 89' lang='lat' dir='ltr'>Philopoe-</span> 
     </span>
     <span class='ocr_line' id='line_1_20' title="bbox 251 2597 1548 2677; baseline 0.002 -18"><span class='ocrx_word' id='word_1_185' title='bbox 251 2601 348 2660; x_wconf 89' lang='lat' dir='ltr'>menis</span> <span class='ocrx_word' id='word_1_186' title='bbox 370 2600 447 2658; x_wconf 89' lang='lat' dir='ltr'>vitas</span> <span class='ocrx_word' id='word_1_187' title='bbox 480 2601 565 2677; x_wconf 91' lang='lat' dir='ltr'>apud</span> <span class='ocrx_word' id='word_1_188' title='bbox 592 2600 746 2677; x_wconf 91' lang='lat' dir='ltr'>Nepotem</span> <span class='ocrx_word' id='word_1_189' title='bbox 774 2619 838 2659; x_wconf 90' lang='lat' dir='ltr'>non</span> <span class='ocrx_word' id='word_1_190' title='bbox 866 2597 1039 2677; x_wconf 69' lang='lat' dir='ltr'>legimusi:</span> <span class='ocrx_word' id='word_1_191' title='bbox 1073 2603 1188 2662; x_wconf 91' lang='lat' dir='ltr'>scilicet</span> <span class='ocrx_word' id='word_1_192' title='bbox 1216 2602 1355 2663; x_wconf 88' lang='lat' dir='ltr'>rhetores</span> <span class='ocrx_word' id='word_1_193' title='bbox 1387 2604 1429 2663; x_wconf 91' lang='lat' dir='ltr'>illi</span> <span class='ocrx_word' id='word_1_194' title='bbox 1455 2604 1548 2662; x_wconf 90' lang='lat' dir='ltr'>etiarn</span> 
     </span>
     <span class='ocr_line' id='line_1_21' title="bbox 251 2709 1546 2790; baseline 0.004 -22"><span class='ocrx_word' id='word_1_195' title='bbox 251 2709 426 2768; x_wconf 81' lang='lat' dir='ltr'>interiorum</span> <span class='ocrx_word' id='word_1_196' title='bbox 448 2717 620 2785; x_wconf 93' lang='lat' dir='ltr'>temporum</span> <span class='ocrx_word' id='word_1_197' title='bbox 643 2728 697 2770; x_wconf 90' lang='lat' dir='ltr'>eos</span> <span class='ocrx_word' id='word_1_198' title='bbox 719 2718 840 2770; x_wconf 90' lang='lat' dir='ltr'>tantum</span> <span class='ocrx_word' id='word_1_199' title='bbox 855 2712 934 2771; x_wconf 90' lang='lat' dir='ltr'>viros</span> <span class='ocrx_word' id='word_1_200' title='bbox 952 2713 1118 2772; x_wconf 91' lang='lat' dir='ltr'>laudabant</span> <span class='ocrx_word' id='word_1_201' title='bbox 1141 2714 1192 2790; x_wconf 93' lang='lat' dir='ltr'>qui</span> <span class='ocrx_word' id='word_1_202' title='bbox 1215 2732 1284 2773; x_wconf 91' lang='lat' dir='ltr'>curn</span> <span class='ocrx_word' id='word_1_203' title='bbox 1300 2713 1431 2774; x_wconf 88' lang='lat' dir='ltr'>Graecia</span> <span class='ocrx_word' id='word_1_204' title='bbox 1452 2715 1546 2774; x_wconf 87' lang='lat' dir='ltr'>libera</span> 
     </span>
     <span class='ocr_line' id='line_1_22' title="bbox 252 2817 1548 2898; baseline 0.002 -20"><span class='ocrx_word' id='word_1_205' title='bbox 252 2828 335 2878; x_wconf 92' lang='lat' dir='ltr'>esset</span> <span class='ocrx_word' id='word_1_206' title='bbox 356 2819 508 2888; x_wconf 87' lang='lat' dir='ltr'>florerent,</span> <span class='ocrx_word' id='word_1_207' title='bbox 531 2817 730 2878; x_wconf 87' lang='lat' dir='ltr'>Cleomenem</span> <span class='ocrx_word' id='word_1_208' title='bbox 752 2835 825 2878; x_wconf 90' lang='lat' dir='ltr'>vero</span> <span class='ocrx_word' id='word_1_209' title='bbox 848 2820 985 2896; x_wconf 90' lang='lat' dir='ltr'>aliosque</span> <span class='ocrx_word' id='word_1_210' title='bbox 1007 2839 1071 2878; x_wconf 88' lang='lat' dir='ltr'>non</span> <span class='ocrx_word' id='word_1_211' title='bbox 1087 2821 1198 2898; x_wconf 85' lang='lat' dir='ltr'>dignos</span> <span class='ocrx_word' id='word_1_212' title='bbox 1221 2821 1380 2881; x_wconf 91' lang='lat' dir='ltr'>habebant</span> <span class='ocrx_word' id='word_1_213' title='bbox 1402 2823 1454 2898; x_wconf 91' lang='lat' dir='ltr'>qui</span> <span class='ocrx_word' id='word_1_214' title='bbox 1478 2840 1548 2881; x_wconf 91' lang='lat' dir='ltr'>cum</span> 
     </span>
     <span class='ocr_line' id='line_1_23' title="bbox 250 2929 1546 3005; baseline 0.003 -17"><span class='ocrx_word' id='word_1_215' title='bbox 250 2929 389 2988; x_wconf 91' lang='lat' dir='ltr'>Miltiade</span> <span class='ocrx_word' id='word_1_216' title='bbox 411 2929 619 2988; x_wconf 89' lang='lat' dir='ltr'>Themistocle</span> <span class='ocrx_word' id='word_1_217' title='bbox 646 2938 902 3005; x_wconf 89' lang='lat' dir='ltr'>compararentur.</span> <span class='ocrx_word' id='word_1_218' title='bbox 947 2929 1125 2990; x_wconf 90' lang='lat' dir='ltr'>EGraecis</span> <span class='ocrx_word' id='word_1_219' title='bbox 1155 2949 1227 2989; x_wconf 90' lang='lat' dir='ltr'>vero</span> <span class='ocrx_word' id='word_1_220' title='bbox 1260 2930 1465 2992; x_wconf 88' lang='lat' dir='ltr'>Athenienses</span> <span class='ocrx_word' id='word_1_221' title='bbox 1488 2932 1546 2992; x_wconf 92' lang='lat' dir='ltr'>La·</span> 
     </span>
     <span class='ocr_line' id='line_1_24' title="bbox 249 3040 1545 3118; baseline 0.002 -19"><span class='ocrx_word' id='word_1_222' title='bbox 249 3040 455 3099; x_wconf 90' lang='lat' dir='ltr'>cedaemoniis</span> <span class='ocrx_word' id='word_1_223' title='bbox 477 3040 653 3107; x_wconf 89' lang='lat' dir='ltr'>necessario</span> <span class='ocrx_word' id='word_1_224' title='bbox 676 3041 945 3116; x_wconf 88' lang='lat' dir='ltr'>anteponebantur</span> <span class='ocrx_word' id='word_1_225' title='bbox 965 3041 1066 3112; x_wconf 91' lang='lat' dir='ltr'>abiis,</span> <span class='ocrx_word' id='word_1_226' title='bbox 1092 3042 1143 3118; x_wconf 93' lang='lat' dir='ltr'>qui</span> <span class='ocrx_word' id='word_1_227' title='bbox 1167 3050 1221 3101; x_wconf 91' lang='lat' dir='ltr'>aut</span> <span class='ocrx_word' id='word_1_228' title='bbox 1243 3041 1372 3101; x_wconf 89' lang='lat' dir='ltr'>Athenis</span> <span class='ocrx_word' id='word_1_229' title='bbox 1394 3042 1545 3102; x_wconf 88' lang='lat' dir='ltr'>declama·</span> 
     </span>
     <span class='ocr_line' id='line_1_25' title="bbox 250 3149 1547 3226; baseline 0.002 -18"><span class='ocrx_word' id='word_1_230' title='bbox 250 3151 326 3208; x_wconf 90' lang='lat' dir='ltr'>bant</span> <span class='ocrx_word' id='word_1_231' title='bbox 345 3157 398 3209; x_wconf 89' lang='lat' dir='ltr'>aut</span> <span class='ocrx_word' id='word_1_232' title='bbox 427 3150 459 3207; x_wconf 90' lang='lat' dir='ltr'>in</span> <span class='ocrx_word' id='word_1_233' title='bbox 479 3149 592 3208; x_wconf 92' lang='lat' dir='ltr'>scholis</span> <span class='ocrx_word' id='word_1_234' title='bbox 614 3149 757 3208; x_wconf 90' lang='lat' dir='ltr'>Asiaticis</span> <span class='ocrx_word' id='word_1_235' title='bbox 783 3149 950 3208; x_wconf 90' lang='lat' dir='ltr'>Isocratem</span> <span class='ocrx_word' id='word_1_236' title='bbox 972 3149 1094 3226; x_wconf 88' lang='lat' dir='ltr'>Lysiam</span> <span class='ocrx_word' id='word_1_237' title='bbox 1118 3150 1359 3210; x_wconf 88' lang='lat' dir='ltr'>Demosthenem</span> <span class='ocrx_word' id='word_1_238' title='bbox 1385 3153 1547 3211; x_wconf 91' lang='lat' dir='ltr'>imitaban-</span> 
     </span>
     <span class='ocr_line' id='line_1_26' title="bbox 249 3245 1547 3338; baseline 0.002 -20"><span class='ocrx_word' id='word_1_239' title='bbox 249 3268 297 3318; x_wconf 90' lang='lat' dir='ltr'>tur</span> <span class='ocrx_word' id='word_1_240' title='bbox 317 3268 409 3338; x_wconf 91' lang='lat' dir='ltr'>atque</span> <span class='ocrx_word' id='word_1_241' title='bbox 433 3259 571 3318; x_wconf 90' lang='lat' dir='ltr'>Athenas</span> <span class='ocrx_word' id='word_1_242' title='bbox 592 3245 642 3318; x_wconf 79' lang='lat' dir='ltr'>‘th</span> <span class='ocrx_word' id='word_1_243' title='bbox 658 3252 745 3320; x_wconf 81' lang='lat' dir='ltr'>dctu&#39;</span> <span class='ocrx_word' id='word_1_244' title='bbox 769 3251 839 3319; x_wconf 86' lang='grc' dir='ltr'><strong>κατ’</strong></span> <span class='ocrx_word' id='word_1_245' title='bbox 856 3254 971 3334; x_wconf 85' lang='grc' dir='ltr'>ἐξοχὴν</span> <span class='ocrx_word' id='word_1_246' title='bbox 995 3257 1225 3336; x_wconf 83' lang='lat' dir='ltr'>adpellabant4.</span> <span class='ocrx_word' id='word_1_247' title='bbox 1259 3260 1307 3320; x_wconf 90' lang='lat' dir='ltr'>De</span> <span class='ocrx_word' id='word_1_248' title='bbox 1329 3260 1452 3337; x_wconf 88' lang='lat' dir='ltr'>Nepote</span> <span class='ocrx_word' id='word_1_249' title='bbox 1474 3279 1547 3320; x_wconf 89' lang='lat' dir='ltr'>vero</span> 
     </span>
     <span class='ocr_line' id='line_1_27' title="bbox 249 3367 1547 3446; baseline 0.001 -18"><span class='ocrx_word' id='word_1_250' title='bbox 249 3378 284 3428; x_wconf 90' lang='lat' dir='ltr'>ut</span> <span class='ocrx_word' id='word_1_251' title='bbox 303 3371 416 3430; x_wconf 88' lang='lat' dir='ltr'>iustum</span> <span class='ocrx_word' id='word_1_252' title='bbox 437 3369 583 3428; x_wconf 91' lang='lat' dir='ltr'>iudicium</span> <span class='ocrx_word' id='word_1_253' title='bbox 606 3367 761 3438; x_wconf 69' lang='lat' dir='ltr'>iaciamus</span> <span class='ocrx_word' id='word_1_254' title='bbox 794 3388 859 3428; x_wconf 89' lang='lat' dir='ltr'>non</span> <span class='ocrx_word' id='word_1_255' title='bbox 881 3377 929 3428; x_wconf 92' lang='lat' dir='ltr'>est</span> <span class='ocrx_word' id='word_1_256' title='bbox 952 3371 1179 3446; x_wconf 86' lang='lat' dir='ltr'>neglegendum</span> <span class='ocrx_word' id='word_1_257' title='bbox 1202 3371 1359 3430; x_wconf 89' lang='lat' dir='ltr'>Romanos</span> <span class='ocrx_word' id='word_1_258' title='bbox 1381 3372 1443 3431; x_wconf 91' lang='lat' dir='ltr'>iam</span> <span class='ocrx_word' id='word_1_259' title='bbox 1476 3379 1547 3432; x_wconf 90' lang='lat' dir='ltr'>ante</span> 
     </span>
     <span class='ocr_line' id='line_1_28' title="bbox 250 3477 1547 3558; baseline 0.002 -20"><span class='ocrx_word' id='word_1_260' title='bbox 250 3497 320 3538; x_wconf 88' lang='lat' dir='ltr'>eum</span> <span class='ocrx_word' id='word_1_261' title='bbox 335 3479 609 3558; x_wconf 89' lang='lat' dir='ltr'>demonstrativum</span> <span class='ocrx_word' id='word_1_262' title='bbox 623 3495 721 3554; x_wconf 86' lang='lat' dir='ltr'>genus</span> <span class='ocrx_word' id='word_1_263' title='bbox 743 3477 868 3537; x_wconf 90' lang='lat' dir='ltr'>dicendi</span> <span class='ocrx_word' id='word_1_264' title='bbox 883 3479 915 3536; x_wconf 89' lang='lat' dir='ltr'>in</span> <span class='ocrx_word' id='word_1_265' title='bbox 930 3496 1019 3537; x_wconf 92' lang='lat' dir='ltr'>usum</span> <span class='ocrx_word' id='word_1_266' title='bbox 1040 3479 1195 3556; x_wconf 89' lang='lat' dir='ltr'>publicum</span> <span class='ocrx_word' id='word_1_267' title='bbox 1210 3481 1410 3542; x_wconf 87' lang='lat' dir='ltr'>transtulisse.</span> <span class='ocrx_word' id='word_1_268' title='bbox 1441 3481 1547 3542; x_wconf 90' lang='lat' dir='ltr'>Cicero</span> 
     </span>
     <span class='ocr_line' id='line_1_29' title="bbox 249 3567 1548 3670; baseline 0.003 -22"><span class='ocrx_word' id='word_1_269' title='bbox 249 3567 319 3649; x_wconf 86' lang='lat' dir='ltr'>cum</span> <span class='ocrx_word' id='word_1_270' title='bbox 347 3589 596 3648; x_wconf 89' lang='lat' dir='ltr'>commentarium</span> <span class='ocrx_word' id='word_1_271' title='bbox 618 3588 795 3648; x_wconf 91' lang='lat' dir='ltr'>consulatus</span> <span class='ocrx_word' id='word_1_272' title='bbox 819 3591 859 3647; x_wconf 91' lang='lat' dir='ltr'>ad</span> <span class='ocrx_word' id='word_1_273' title='bbox 882 3588 1017 3647; x_wconf 88' lang='lat' dir='ltr'>Atticum</span> <span class='ocrx_word' id='word_1_274' title='bbox 1039 3589 1131 3648; x_wconf 89' lang='lat' dir='ltr'>mittit</span> <span class='ocrx_word' id='word_1_275' title='bbox 1155 3583 1211 3668; x_wconf 85' lang='lat' dir='ltr'>(ad</span> <span class='ocrx_word' id='word_1_276' title='bbox 1234 3588 1464 3670; x_wconf 77' lang='lat' dir='ltr'>Att.119,10)</span> <span class='ocrx_word' id='word_1_277' title='bbox 1488 3593 1548 3652; x_wconf 92' lang='lat' dir='ltr'>sin·</span> 
     </span>
     <span class='ocr_line' id='line_1_30' title="bbox 248 3694 1549 3780; baseline 0.006 -25"><span class='ocrx_word' id='word_1_278' title='bbox 248 3698 401 3775; x_wconf 89' lang='lat' dir='ltr'>gularibus</span> <span class='ocrx_word' id='word_1_279' title='bbox 413 3699 511 3758; x_wconf 87' lang='lat' dir='ltr'>verbis</span> <span class='ocrx_word' id='word_1_280' title='bbox 524 3699 662 3758; x_wconf 88' lang='lat' dir='ltr'>declarat</span> <span class='ocrx_word' id='word_1_281' title='bbox 676 3716 740 3758; x_wconf 91' lang='lat' dir='ltr'>non</span> <span class='ocrx_word' id='word_1_282' title='bbox 762 3716 831 3758; x_wconf 90' lang='lat' dir='ltr'>esse</span> <span class='ocrx_word' id='word_1_283' title='bbox 845 3694 1072 3773; x_wconf 80' lang='grc' dir='ltr'>ἐγκωμιαετικά</span> <span class='ocrx_word' id='word_1_284' title='bbox 1088 3700 1144 3756; x_wconf 91' lang='lat' dir='ltr'>sed</span> <span class='ocrx_word' id='word_1_285' title='bbox 1158 3694 1299 3776; x_wconf 80' lang='grc' dir='ltr'>ἱετορικὰ</span> <span class='ocrx_word' id='word_1_286' title='bbox 1322 3719 1402 3778; x_wconf 91' lang='lat' dir='ltr'>quae</span> <span class='ocrx_word' id='word_1_287' title='bbox 1418 3703 1549 3780; x_wconf 88' lang='lat' dir='ltr'>scripse·</span> 
     </span>
     <span class='ocr_line' id='line_1_31' title="bbox 248 3807 1548 3886; baseline 0.004 -18"><span class='ocrx_word' id='word_1_288' title='bbox 248 3808 297 3868; x_wconf 89' lang='lat' dir='ltr'>rit.</span> <span class='ocrx_word' id='word_1_289' title='bbox 334 3807 422 3867; x_wconf 87' lang='lat' dir='ltr'>Idem</span> <span class='ocrx_word' id='word_1_290' title='bbox 444 3807 548 3868; x_wconf 90' lang='lat' dir='ltr'>laudes</span> <span class='ocrx_word' id='word_1_291' title='bbox 565 3807 707 3867; x_wconf 89' lang='lat' dir='ltr'>Caesaris</span> <span class='ocrx_word' id='word_1_292' title='bbox 728 3808 856 3868; x_wconf 90' lang='lat' dir='ltr'>Porciae</span> <span class='ocrx_word' id='word_1_293' title='bbox 871 3807 998 3867; x_wconf 91' lang='lat' dir='ltr'>Catonis</span> <span class='ocrx_word' id='word_1_294' title='bbox 1018 3809 1201 3886; x_wconf 89' lang='lat' dir='ltr'>composuit,</span> <span class='ocrx_word' id='word_1_295' title='bbox 1225 3808 1341 3871; x_wconf 87' lang='lat' dir='ltr'>Caesar</span> <span class='ocrx_word' id='word_1_296' title='bbox 1361 3811 1496 3871; x_wconf 91' lang='lat' dir='ltr'>Hirtium</span> <span class='ocrx_word' id='word_1_297' title='bbox 1515 3822 1548 3873; x_wconf 92' lang='lat' dir='ltr'>ut</span> 
     </span>
     <span class='ocr_line' id='line_1_32' title="bbox 249 3915 1547 4000; baseline 0.002 -21"><span class='ocrx_word' id='word_1_298' title='bbox 249 3917 400 3979; x_wconf 88' lang='lat' dir='ltr'>Catonern</span> <span class='ocrx_word' id='word_1_299' title='bbox 422 3915 606 3993; x_wconf 81' lang='lat' dir='ltr'>vituperaret</span> <span class='ocrx_word' id='word_1_300' title='bbox 627 3916 808 3976; x_wconf 91' lang='lat' dir='ltr'>adhortatus</span> <span class='ocrx_word' id='word_1_301' title='bbox 831 3917 898 3992; x_wconf 89' lang='lat' dir='ltr'>ipse</span> <span class='ocrx_word' id='word_1_302' title='bbox 921 3919 1002 3977; x_wconf 92' lang='lat' dir='ltr'>duos</span> <span class='ocrx_word' id='word_1_303' title='bbox 1014 3917 1216 3978; x_wconf 89' lang='lat' dir='ltr'>Anticatones</span> <span class='ocrx_word' id='word_1_304' title='bbox 1238 3918 1320 3978; x_wconf 80' lang='lat' dir='ltr'>foras</span> <span class='ocrx_word' id='word_1_305' title='bbox 1343 3920 1448 3991; x_wconf 88' lang='lat' dir='ltr'>dedit;</span> <span class='ocrx_word' id='word_1_306' title='bbox 1472 3940 1547 4000; x_wconf 94' lang='lat' dir='ltr'>quo-</span> 
     </span>
     <span class='ocr_line' id='line_1_33' title="bbox 249 4027 1548 4106; baseline 0.002 -18"><span class='ocrx_word' id='word_1_307' title='bbox 249 4046 315 4088; x_wconf 91' lang='lat' dir='ltr'>rum</span> <span class='ocrx_word' id='word_1_308' title='bbox 338 4027 513 4106; x_wconf 86' lang='lat' dir='ltr'>exemplum</span> <span class='ocrx_word' id='word_1_309' title='bbox 542 4045 672 4106; x_wconf 81' lang='lat' dir='ltr'>magnus</span> <span class='ocrx_word' id='word_1_310' title='bbox 695 4045 838 4086; x_wconf 91' lang='lat' dir='ltr'>numerus</span> <span class='ocrx_word' id='word_1_311' title='bbox 859 4028 992 4088; x_wconf 89' lang='lat' dir='ltr'>virorum</span> <span class='ocrx_word' id='word_1_312' title='bbox 1024 4028 1056 4087; x_wconf 92' lang='lat' dir='ltr'>in</span> <span class='ocrx_word' id='word_1_313' title='bbox 1085 4030 1174 4090; x_wconf 92' lang='lat' dir='ltr'>rebus</span> <span class='ocrx_word' id='word_1_314' title='bbox 1197 4029 1324 4106; x_wconf 92' lang='lat' dir='ltr'>publicis</span> <span class='ocrx_word' id='word_1_315' title='bbox 1361 4032 1548 4092; x_wconf 89' lang='lat' dir='ltr'>versantium</span> 
     </span>
    </p>
   </div>
   <div class='ocr_carea' id='block_1_6' title="bbox 347 4309 1550 4385">
    <p class='ocr_par' dir='ltr' id='par_1_6' title="bbox 347 4309 1550 4385">
     <span class='ocr_line' id='line_1_34' title="bbox 347 4309 1550 4385; baseline 0.005 -21"><span class='ocrx_word' id='word_1_316' title='bbox 347 4309 358 4349; x_wconf 91' lang='lat'><strong>¹</strong></span> <span class='ocrx_word' id='word_1_317' title='bbox 376 4314 495 4367; x_wconf 87' lang='lat' dir='ltr'>Frontin.</span> <span class='ocrx_word' id='word_1_318' title='bbox 516 4315 598 4380; x_wconf 84' lang='lat' dir='ltr'>praei.</span> <span class='ocrx_word' id='word_1_319' title='bbox 619 4342 650 4353; x_wconf 94' lang='lat'><em>-</em></span> <span class='ocrx_word' id='word_1_320' title='bbox 670 4315 734 4366; x_wconf 88' lang='lat' dir='ltr'>haec</span> <span class='ocrx_word' id='word_1_321' title='bbox 757 4331 862 4384; x_wconf 88' lang='lat' dir='ltr'>quoque</span> <span class='ocrx_word' id='word_1_322' title='bbox 885 4317 974 4368; x_wconf 88' lang='lat' dir='ltr'>studia</span> <span class='ocrx_word' id='word_1_323' title='bbox 991 4318 1159 4385; x_wconf 88' lang='lat' dir='ltr'>Peripatetici</span> <span class='ocrx_word' id='word_1_324' title='bbox 1182 4317 1311 4385; x_wconf 87' lang='lat' dir='ltr'>auspicati</span> <span class='ocrx_word' id='word_1_325' title='bbox 1333 4334 1393 4370; x_wconf 87' lang='lat' dir='ltr'>esse</span> <span class='ocrx_word' id='word_1_326' title='bbox 1425 4319 1550 4370; x_wconf 85' lang='lat' dir='ltr'>videntur</span> 
     </span>
    </p>
   </div>
   <div class='ocr_carea' id='block_1_7' title="bbox 248 4409 1348 4576">
    <p class='ocr_par' dir='ltr' id='par_1_7' title="bbox 248 4409 1348 4576">
     <span class='ocr_line' id='line_1_35' title="bbox 248 4409 1027 4482; baseline 0.012 -23"><span class='ocrx_word' id='word_1_327' title='bbox 248 4409 281 4462; x_wconf 84' lang='lat' dir='ltr'>ct.</span> <span class='ocrx_word' id='word_1_328' title='bbox 300 4410 478 4479; x_wconf 84' lang='lat' dir='ltr'>Theophrasti</span> <span class='ocrx_word' id='word_1_329' title='bbox 495 4409 639 4467; x_wconf 68' lang='grc' dir='ltr'>’πολιτικὰ</span> <span class='ocrx_word' id='word_1_330' title='bbox 657 4413 693 4467; x_wconf 88' lang='grc' dir='ltr'>τὰ</span> <span class='ocrx_word' id='word_1_331' title='bbox 710 4414 782 4482; x_wconf 74' lang='grc' dir='ltr'>πρὸ(</span> <span class='ocrx_word' id='word_1_332' title='bbox 800 4415 868 4468; x_wconf 73' lang='grc' dir='ltr'>τοὺς</span> <span class='ocrx_word' id='word_1_333' title='bbox 886 4413 1027 4482; x_wconf 80' lang='lat' dir='ltr'>rurporic’.</span> 
     </span>
     <span class='ocr_line' id='line_1_36' title="bbox 345 4503 1348 4576; baseline 0.004 -14"><span class='ocrx_word' id='word_1_334' title='bbox 345 4503 417 4562; x_wconf 65' lang='lat' dir='ltr'>²ed.</span> <span class='ocrx_word' id='word_1_335' title='bbox 436 4509 541 4562; x_wconf 84' lang='lat' dir='ltr'>Melber</span> <span class='ocrx_word' id='word_1_336' title='bbox 558 4527 585 4576; x_wconf 89' lang='lat' dir='ltr'>p.</span> <span class='ocrx_word' id='word_1_337' title='bbox 605 4509 648 4563; x_wconf 90' lang='lat'>30.</span> <span class='ocrx_word' id='word_1_338' title='bbox 667 4510 711 4564; x_wconf 88' lang='lat'>31.</span> <span class='ocrx_word' id='word_1_339' title='bbox 730 4509 773 4564; x_wconf 84' lang='lat'>32.</span> <span class='ocrx_word' id='word_1_340' title='bbox 792 4509 836 4564; x_wconf 87' lang='lat'>33.</span> <span class='ocrx_word' id='word_1_341' title='bbox 855 4509 898 4564; x_wconf 77' lang='lat'>52.</span> <span class='ocrx_word' id='word_1_342' title='bbox 918 4511 962 4565; x_wconf 89' lang='grc'>63.</span> <span class='ocrx_word' id='word_1_343' title='bbox 981 4509 1024 4565; x_wconf 82' lang='grc'>65.</span> <span class='ocrx_word' id='word_1_344' title='bbox 1044 4510 1105 4566; x_wconf 84' lang='grc'>204.</span> <span class='ocrx_word' id='word_1_345' title='bbox 1124 4510 1185 4565; x_wconf 87' lang='grc'>206.</span> <span class='ocrx_word' id='word_1_346' title='bbox 1204 4509 1266 4566; x_wconf 85' lang='grc'>335.</span> <span class='ocrx_word' id='word_1_347' title='bbox 1286 4512 1348 4567; x_wconf 83' lang='grc'>336.</span> 
     </span>
    </p>
   </div>
   <div class='ocr_carea' id='block_1_8' title="bbox 248 4600 1545 4876">
    <p class='ocr_par' dir='ltr' id='par_1_8' title="bbox 248 4600 1545 4876">
     <span class='ocr_line' id='line_1_37' title="bbox 348 4600 1545 4680; baseline 0.007 -24"><span class='ocrx_word' id='word_1_348' title='bbox 348 4600 463 4658; x_wconf 74' lang='lat' dir='ltr'>⁸Etiam</span> <span class='ocrx_word' id='word_1_349' title='bbox 482 4607 607 4658; x_wconf 85' lang='lat' dir='ltr'>Valerius</span> <span class='ocrx_word' id='word_1_350' title='bbox 631 4608 773 4675; x_wconf 83' lang='lat' dir='ltr'>Maximus,</span> <span class='ocrx_word' id='word_1_351' title='bbox 799 4609 951 4671; x_wconf 87' lang='lat' dir='ltr'>Frontinus,</span> <span class='ocrx_word' id='word_1_352' title='bbox 979 4609 1108 4660; x_wconf 88' lang='lat' dir='ltr'>Aelianus</span> <span class='ocrx_word' id='word_1_353' title='bbox 1135 4609 1199 4660; x_wconf 90' lang='lat' dir='ltr'>illos</span> <span class='ocrx_word' id='word_1_354' title='bbox 1227 4610 1357 4674; x_wconf 80' lang='lat' dir='ltr'>ignorant.</span> <span class='ocrx_word' id='word_1_355' title='bbox 1393 4611 1545 4680; x_wconf 84' lang='lat' dir='ltr'>Polyaenus</span> 
     </span>
     <span class='ocr_line' id='line_1_38' title="bbox 248 4702 1311 4773; baseline 0.003 -20"><span class='ocrx_word' id='word_1_356' title='bbox 248 4717 334 4771; x_wconf 87' lang='lat' dir='ltr'>pauca</span> <span class='ocrx_word' id='word_1_357' title='bbox 350 4702 432 4754; x_wconf 88' lang='lat' dir='ltr'>habet</span> <span class='ocrx_word' id='word_1_358' title='bbox 451 4704 485 4755; x_wconf 89' lang='lat' dir='ltr'>de</span> <span class='ocrx_word' id='word_1_359' title='bbox 504 4707 591 4756; x_wconf 85' lang='lat' dir='ltr'>Arato</span> <span class='ocrx_word' id='word_1_360' title='bbox 611 4711 638 4756; x_wconf 90' lang='lat' dir='ltr'>et</span> <span class='ocrx_word' id='word_1_361' title='bbox 655 4705 872 4773; x_wconf 87' lang='lat' dir='ltr'>Philopoemene.</span> <span class='ocrx_word' id='word_1_362' title='bbox 1309 4747 1311 4755; x_wconf 85' lang='lat'>.</span> 
     </span>
     <span class='ocr_line' id='line_1_39' title="bbox 348 4795 1297 4876; baseline 0.005 -24"><span class='ocrx_word' id='word_1_363' title='bbox 348 4795 362 4836; x_wconf 71' lang='lat'>⁴</span> <span class='ocrx_word' id='word_1_364' title='bbox 378 4801 449 4870; x_wconf 84' lang='lat' dir='ltr'>Nep.</span> <span class='ocrx_word' id='word_1_365' title='bbox 467 4800 557 4856; x_wconf 87' lang='lat' dir='ltr'>Tbem.</span> <span class='ocrx_word' id='word_1_366' title='bbox 576 4802 618 4854; x_wconf 92' lang='lat' dir='ltr'>1v</span> <span class='ocrx_word' id='word_1_367' title='bbox 638 4800 662 4858; x_wconf 91' lang='lat'>1.</span> <span class='ocrx_word' id='word_1_368' title='bbox 692 4803 782 4856; x_wconf 88' lang='lat' dir='ltr'>Alcib.</span> <span class='ocrx_word' id='word_1_369' title='bbox 802 4803 842 4856; x_wconf 87' lang='lat' dir='ltr'>VI</span> <span class='ocrx_word' id='word_1_370' title='bbox 860 4800 878 4857; x_wconf 87' lang='lat'>4</span> <span class='ocrx_word' id='word_1_371' title='bbox 897 4803 959 4857; x_wconf 88' lang='lat' dir='ltr'>coll.</span> <span class='ocrx_word' id='word_1_372' title='bbox 976 4805 1059 4859; x_wconf 88' lang='lat' dir='ltr'>Isocr.</span> <span class='ocrx_word' id='word_1_373' title='bbox 1078 4821 1107 4858; x_wconf 87' lang='grc' dir='ltr'>π.</span> <span class='ocrx_word' id='word_1_374' title='bbox 1128 4803 1217 4876; x_wconf 77' lang='grc' dir='ltr'>ᾴντιδ.</span> <span class='ocrx_word' id='word_1_375' title='bbox 1237 4803 1297 4858; x_wconf 88' lang='grc'>299.</span> 
     </span>
    </p>
   </div>
   <div class='ocr_carea' id='block_1_9' title="bbox 0 0 1798 5312">
    <p class='ocr_par' dir='ltr' id='par_1_9' title="bbox 0 0 1798 5312">
     <span class='ocr_line' id='line_1_40' title="bbox 0 0 1798 5312; baseline 0 0"><span class='ocrx_word' id='word_1_376' title='bbox 0 0 1798 5312; x_wconf 95' lang='lat' dir='ltr'> </span> 
     </span>
    </p>
   </div>
  </div>
 </body>
</html>
