3588 5312
806 353 980 408 ..12-

243 529 380 588 laudatio
406 530 486 586 vitae
519 548 640 588 cursum
670 537 823 605 sequatur.
866 527 936 586 Hoc
968 547 1036 587 eam
1067 531 1107 586 ob
1140 546 1264 587 causam
1293 546 1417 598 moneo,
1453 529 1539 606 quod

243 639 372 714 posteris
403 639 463 696 alia
495 640 649 715 quaedam
683 638 867 696 laudationis
900 638 1060 713 dispositio
1091 639 1230 696 usitatior
1262 647 1336 699 erat.
1382 639 1539 697 Rhetores

243 748 323 805 enim
350 749 447 822 magis
479 749 638 824 magisque
663 748 814 806 factorum
841 748 948 804 ordine
970 749 1113 822 neglecto
1147 748 1272 823 singulis
1297 749 1458 807 virtutibus
1482 765 1540 807 sua

243 858 352 932 cuique
373 857 455 915 facta
477 857 700 926 adscribebant,
729 858 761 913 id
786 858 953 932 quodiam
980 858 1064 932 apud
1089 854 1281 914 Comificium
1310 858 1327 914 l.
1354 875 1379 917 c.
1409 857 1538 932 legimus

239 954 291 1022 ‘ad
315 985 420 1024 omnes
442 984 490 1023 res
512 967 542 1022 in
559 968 669 1041 quibus
685 968 803 1024 animus
818 967 949 1024 hominis
972 967 1101 1025 maxime
1116 967 1337 1036 consideratur,
1361 967 1432 1025 illae
1450 978 1541 1042 quat·

243 1084 310 1132 tuor
332 1077 424 1133 animi
439 1076 563 1134 virtutes
587 1087 658 1134 sunt
678 1071 986 1135 adcommodandae'.
1021 1077 1123 1134 Etiam
1138 1077 1271 1152 apertius
1294 1095 1362 1134 eam
1385 1076 1538 1134 factorum

241 1185 483 1243 distributionem
504 1185 643 1242 iudicant
665 1184 771 1242 Cicero
788 1183 877 1240 Theo
901 1182 1105 1254 Quintilianus
1119 1183 1290 1240 Menander
1305 1183 1500 1258 Aphthonius
1513 1179 1534 1244 ¹.

240 1293 330 1351 Hanc
357 1294 565 1369 dispositionis
593 1293 801 1349 diversitatem
823 1292 1039 1350 animadvertit
1066 1302 1096 1349 et
1118 1292 1257 1350 dilucidis
1279 1293 1376 1350 verbis
1405 1294 1537 1369 explicat

241 1401 443 1474 Quintilianus
473 1399 527 1477 (111
549 1398 581 1478 7)
608 1395 692 1459 ‘alias
725 1401 834 1457 aetatis
873 1401 988 1475 gradus
1017 1410 1234 1478 gestarumque
1267 1420 1367 1459 rerum
1395 1403 1537 1459 ordinem

241 1512 326 1587 sequi
349 1511 516 1585 speciosius
540 1505 618 1567 fuit2
642 1554 773 1570 .....
798 1509 871 1566 alias
894 1508 926 1566 in
947 1508 1065 1584 species
1081 1509 1224 1567 virtutum
1247 1511 1383 1569 dividere
1398 1512 1535 1588 laudem,

240 1620 357 1677 virtutis
379 1621 512 1677 iustitiae
538 1621 747 1678 continentiae
769 1627 1008 1694 ceterarumque,
1042 1637 1079 1676 ac
1100 1619 1225 1695 singulis
1248 1622 1420 1696 adsignare,
1455 1639 1533 1698 quae

240 1730 412 1787 secundum
434 1747 588 1804 quamque
610 1747 714 1786 earum
735 1738 825 1805 gesta
847 1724 953 1788 erunt'.

339 1841 490 1898 Isocrates
517 1839 608 1914 igitur
628 1868 670 1877 —
692 1855 824 1912 eumque
856 1847 977 1896 secutus
1004 1837 1158 1914 Xenopho
1189 1839 1220 1896 in
1253 1838 1398 1914 Agesilao
1425 1870 1460 1879 -
1484 1857 1532 1897 res

239 1957 342 2026 gestas
365 1949 477 2006 eodem
499 1964 561 2022 quo
583 1947 682 2005 factae
704 1956 774 2004 sunt
795 1947 902 2004 ordine
932 1956 1064 2023 narrant,
1094 1949 1151 2006 nisi
1179 1949 1264 2024 quod
1284 1948 1441 2025 Xenopho
1476 1950 1536 2006 sin-

240 2059 337 2134 gulari
359 2059 497 2115 virtutum
525 2056 722 2132 descriptioni
749 2056 875 2114 fabellas
899 2059 1051 2132 quasdam
1079 2076 1117 2115 ex
1144 2076 1243 2116 rerum
1266 2076 1385 2116 conexu
1420 2060 1534 2118 solutas

239 2165 480 2224 testimoniorum
503 2165 571 2222 loco
593 2164 704 2222 inserit.
749 2163 811 2222 Sed
836 2183 910 2223 cave
935 2166 1044 2222 credas
1074 2165 1288 2224 historicorum
1311 2168 1469 2242 diligentia
1497 2188 1534 2227 ac

240 2275 301 2334 fide
327 2276 503 2334 laudatores
532 2274 585 2333 uti.
619 2273 715 2331 Immo
737 2275 767 2331 in
790 2274 934 2350 Euagora
960 2275 1069 2332 bellum
1099 2276 1164 2334 eius
1186 2293 1255 2334 cum
1277 2295 1350 2351 rege
1375 2277 1534 2336 Persarum

240 2395 328 2442 tanta
350 2385 473 2442 levitate
496 2391 642 2459 narratur,
674 2391 791 2441 utnon
818 2384 913 2440 modo
935 2384 1044 2460 singuli
1066 2385 1136 2442 belli
1162 2387 1233 2443 anni
1255 2403 1318 2442 non
1346 2387 1533 2461 distinguan-

239 2506 287 2553 tur
318 2494 375 2552 sed
401 2511 441 2550 ne
464 2510 582 2549 summa
611 2492 735 2566 quidem
763 2495 967 2569 adtingantur.
1011 2493 1158 2552 Nimirum
1181 2496 1301 2553 cladem
1327 2497 1466 2555 navalem
1494 2497 1532 2555 ab

239 2605 381 2678 Euagora
404 2609 565 2677 acceptam
587 2618 710 2658 narrare
732 2620 750 2659 a
771 2603 948 2660 laudatione
970 2604 1102 2660 alienum
1125 2614 1198 2664 erat.

336 2712 425 2769 Haec
464 2710 566 2767 omnia
602 2710 759 2768 nobiscum
795 2720 974 2785 reputantes
1016 2730 1079 2770 non
1117 2731 1279 2788 possumus
1317 2734 1380 2773 non
1416 2734 1530 2792 magno

236 2840 329 2899 opere
351 2821 464 2892 dolere,
498 2821 583 2894 quod
602 2821 698 2893 prima
719 2822 778 2879 ista
800 2822 879 2878 vitae
902 2824 1066 2898 descriptio
1095 2826 1134 2882 ab
1156 2823 1292 2882 isocrate
1314 2825 1453 2901 profecta
1476 2836 1532 2887 est.

236 2931 435 3006 Thucydides
465 2946 537 2986 sane
567 2929 693 3005 eiusque
730 2931 875 3006 aequales
912 2932 963 2988 illo
1001 2950 1125 2990 munere
1162 2933 1258 2992 multo
1292 2935 1399 2992 melius
1435 2935 1532 2994 functi

236 3050 346 3100 essent.
390 3038 453 3096 Sed
474 3048 612 3097 nostrum
634 3058 696 3097 non
720 3050 765 3098 est
783 3041 947 3099 Isocratem
970 3043 1186 3119 condemnare,
1210 3045 1266 3101 sed
1288 3045 1391 3103 studia
1412 3045 1530 3102 illorum

235 3161 406 3226 temporum
432 3164 627 3223 cognoscere.
670 3149 809 3208 Vitarum
836 3151 927 3225 igitur
953 3152 1118 3228 descriptio
1147 3170 1246 3228 aeque
1279 3161 1371 3230 atque
1405 3155 1531 3212 historia

235 3277 288 3335 per
309 3259 474 3316 Isocratem
495 3257 668 3316 rhetoribus
690 3260 805 3317 tradita
826 3269 884 3317 est.

335 3366 490 3438 Quantum
522 3384 593 3424 vero
627 3369 766 3443 plausum
795 3370 858 3427 eius
886 3369 1044 3445 Euagoras
1073 3373 1111 3428 ab
1139 3373 1318 3447 aequalibus
1350 3375 1461 3444 tulerit,
1492 3391 1530 3433 eo

234 3478 364 3554 perspici
386 3486 499 3552 potest,
522 3479 607 3550 quod
630 3477 713 3536 haud
739 3479 834 3535 multo
856 3489 928 3555 post
946 3490 1109 3539 sexcentas
1131 3482 1162 3539 in
1185 3482 1362 3558 Agesilaum
1385 3493 1416 3541 et
1440 3483 1529 3559 Gryl-

235 3587 304 3663 lum,
334 3586 548 3663 Xenophontis
578 3587 678 3661 lilium,
711 3588 905 3646 laudationes
932 3591 1059 3665 scriptas
1083 3608 1151 3648 esse
1173 3592 1283 3649 scimus
1298 3587 1319 3652 ⁸.
1366 3591 1528 3650 Praeterea

234 3697 391 3772 probabile
414 3697 532 3754 videtur
554 3714 623 3754 esse
646 3697 737 3754 etiam
769 3714 807 3753 ea
840 3714 919 3771 quae
942 3699 1095 3756 Isocrates
1117 3699 1148 3757 in
1171 3701 1359 3759 orationibus
1381 3702 1530 3777 promittit

233 3937 431 3946 *—

338 4106 764 4179 ¹The01.c.11109sq.112.
814 4115 896 4168 Cicer.
915 4116 941 4167 d.
960 4123 1024 4169 orat.
1041 4116 1101 4170 345.
1149 4120 1259 4184 Quintil.
1278 4123 1320 4171 ΠΙ
1339 4121 1363 4176 7.
1402 4124 1529 4175 Menand.

231 4206 250 4259 l.
270 4223 292 4258 c.
312 4209 353 4256 111
371 4207 431 4260 373.
445 4221 467 4262 σ.
494 4209 633 4275 Aphthon.
651 4210 688 4261 ib.
708 4212 736 4259 11
754 4209 789 4264 35
801 4226 840 4276 sq.

331 4299 438 4354 ²simili
466 4307 544 4356 modo
568 4305 702 4355 distribuit
725 4309 867 4374 Emporius
887 4307 976 4376 (Halm
1001 4310 1079 4362 rhett.
1104 4311 1149 4363 lat.
1176 4313 1237 4364 min.
1262 4329 1287 4378 p.
1306 4311 1372 4382 567)
1397 4315 1530 4367 ‘laudatur

232 4406 317 4450 autern
337 4400 431 4466 aliquis
451 4409 495 4451 aut
513 4402 710 4467 reprehenditur
729 4420 761 4454 er
779 4405 822 4454 his
842 4407 886 4471 qui
905 4413 965 4456 sunt
986 4414 1046 4458 ante
1065 4408 1151 4473 ipsum
1166 4407 1268 4475 (genus,
1283 4412 1376 4476 patrie,
1396 4421 1528 4478 parentes,

232 4497 389 4562 propinqui),
407 4513 528 4564 quaeque
547 4500 575 4548 in
593 4500 653 4565 ipso
673 4501 787 4563 (nomeu,
807 4503 939 4563 educatio,
957 4504 1098 4571 institutio,
1122 4507 1241 4572 corporis
1261 4508 1371 4573 specieS,
1391 4510 1459 4559 ordo
1478 4510 1529 4560 sac·

231 4593 328 4657 torum)
349 4609 414 4658 quae
432 4603 492 4660 post
510 4597 595 4661 ipsum
614 4598 710 4661 (exitus
729 4598 807 4658 vitae,
827 4600 982 4649 existimatio
1001 4609 1132 4651 mortuum
1151 4600 1310 4670 consecuta).

331 4685 511 4744 ³v.1socrat.
531 4707 572 4759 ep.
592 4694 626 4742 ad
644 4693 753 4746 Archid.
776 4694 798 4746 l.
835 4697 923 4748 Laert.
944 4698 1023 4760 Diog.
1044 4698 1072 4746 H
1090 4697 1133 4750 55.
