3588 5312
791 437 967 494 -19..

230 613 439 673 Hartmannus
469 612 633 673 offenderit
660 633 723 673 non
752 616 906 691 intellege.
950 617 1012 674 Res
1034 616 1101 693 ipsa
1122 635 1177 693 per
1199 635 1233 675 se
1254 618 1418 693 probabilis
1440 620 1523 694 Age·

227 723 292 780 silai
320 725 507 785 liberalitatis
538 725 745 782 testimonium
785 726 935 783 laudabile
966 736 1021 785 est.
1075 728 1175 784 Recte
1207 736 1312 784 autem
1338 729 1369 784 in
1397 728 1522 786 historia

228 831 348 890 Graeca
364 835 436 891 talia
457 835 646 894 omittuntur.
686 835 744 891 Alii
766 841 889 912 quoque
911 844 981 892 sunt
1002 835 1061 893 loci
1083 836 1141 911 qui,
1165 838 1250 911 quod
1273 855 1321 894 res
1344 837 1374 893 in
1397 838 1522 897 historia

229 940 348 999 Graeca
374 960 435 999 non
465 943 594 1000 traditas
623 943 776 1020 exhibent,
806 964 825 1001 a
847 944 915 1001 viris
946 946 1045 1003 doctis
1069 944 1269 1020 Xenophonti
1297 945 1520 1006 abiudicantur.

326 1051 424 1110 VlI5
455 1059 594 1108 narratur
627 1054 804 1127 Agesilaum
837 1053 952 1129 proelio
993 1056 1034 1111 ad
1069 1053 1249 1111 Corinthum
1287 1055 1427 1113 nuntiato
1466 1057 1521 1114 do-

226 1160 329 1237 luisse,
370 1163 454 1236 quod
494 1160 604 1219 Graeci
642 1181 674 1220 se
713 1163 770 1239 ipsi
807 1159 1002 1233 trucidarent,
1040 1181 1110 1222 cum
1146 1180 1252 1220 omnes
1287 1163 1398 1223 viribus
1430 1165 1522 1223 unitis

227 1269 335 1328 Persas
368 1271 488 1328 vincere
516 1281 652 1346 possent.
697 1273 761 1329 lam
796 1291 868 1330 vero
890 1274 1037 1348 quoniam
1059 1271 1161 1347 Nepos
1185 1245 1290 1348 (Ages.
1311 1271 1339 1328 V
1358 1266 1390 1351 2)
1414 1274 1521 1350 Agesi-

226 1379 307 1436 laum
345 1381 443 1455 ipsum
488 1381 605 1455 proelio
646 1382 820 1440 interfuisse
863 1383 965 1452 tradit,
1009 1382 1157 1456 Hagenus
1197 1382 1279 1439 nullo
1324 1385 1418 1442 modo
1459 1383 1523 1441 fieri

228 1490 365 1562 potuisse
390 1498 505 1558 censet,
526 1499 559 1547 ut
580 1491 615 1557 is,
639 1492 689 1564 qui
711 1491 777 1565 ipse
799 1492 862 1548 dux
883 1492 916 1548 in
937 1491 1052 1565 proelio
1076 1490 1163 1548 fuerit
1176 1486 1198 1568 ¹,
1226 1492 1335 1548 decem
1360 1492 1421 1550 fere
1442 1494 1523 1551 milia

227 1598 354 1654 militum
383 1599 534 1655 cecidisse
565 1599 783 1667 conclamaret,
814 1617 882 1657 cum
913 1601 970 1656 tria
996 1599 1061 1657 fere
1083 1601 1164 1657 milia
1187 1608 1292 1658 essent
1311 1602 1416 1661 occisi.
1460 1601 1522 1660 Sed

228 1717 261 1763 ut
291 1709 430 1765 omittam
460 1708 538 1765 haec
569 1709 671 1765 omnia
707 1707 857 1765 rhetorice
888 1709 970 1766 dicta
1001 1719 1093 1783 atque
1126 1718 1217 1767 aucta
1250 1727 1317 1767 esse
1350 1729 1460 1785 neque,
1497 1713 1522 1769 si

228 1815 330 1891 Nepos
352 1818 461 1874 erravit
484 1812 626 1892 (cf.Hell.
643 1816 688 1873 IV
704 1819 734 1895 3,
757 1815 797 1892 1),
821 1817 909 1875 nobis
933 1835 1055 1892 quoque
1078 1819 1243 1875 errandum
1265 1837 1345 1887 esse,
1369 1821 1522 1895 Xenopho

226 1925 290 2000 ipse
314 1927 331 1985 l.
355 1944 381 1984 c.
403 1925 601 2001 παμπληθεῖ(
631 1925 697 1985 τῶν
723 1922 887 2000 πολεμίων
914 1921 1063 1987 τεθνάναι
1093 1928 1199 1995 tradit3
1232 1927 1337 2003 itaque
1359 1929 1393 2004 is,
1417 1930 1522 2004 quiin

228 2035 303 2092 libro
319 2036 464 2093 historico
486 2053 648 2092 numerum
670 2044 859 2093 mortuorum
881 2053 1080 2111 permagnum
1102 2036 1196 2093 fuisse
1223 2037 1359 2112 tradidit,
1382 2037 1469 2095 facile
1491 2038 1523 2095 in

231 2147 371 2202 encomio
388 2147 496 2203 decem
515 2146 579 2202 fere
594 2147 675 2202 milia
692 2142 723 2220 (i.
741 2162 766 2204 e.
784 2154 946 2202 sexcentos
967 2144 1043 2218 fere)
1066 2145 1216 2203 cecidisse
1239 2147 1368 2203 scribere
1390 2156 1521 2222 poterat.
1555 2154 1576 2261 p

229 2253 331 2312 Verba
366 2256 431 2330 ipsa
464 2256 502 2311 ab
536 2255 680 2331 Agesilao
712 2272 815 2312 coram
848 2253 1056 2329 Xenophonte
1089 2257 1136 2311 vel
1170 2255 1229 2311 alio
1260 2255 1394 2330 quodam
1424 2256 1522 2312 amico

231 2364 291 2420 dici
313 2365 449 2438 potuisse
472 2365 539 2439 quis
564 2373 611 2422 est
634 2366 685 2439 qui
706 2361 885 2439 negaverit?
929 2363 1020 2422 Simili
1044 2367 1138 2422 modo
1160 2364 1204 2421 Ill
1227 2367 1244 2423 3
1266 2366 1307 2422 de
1329 2364 1521 2440 Spithridatis

229 2491 248 2529 a
276 2491 348 2548 rege
383 2473 560 2531 desectione
586 2481 618 2530 et
641 2473 755 2533 VlIl3
785 2475 825 2530 de
852 2474 957 2530 litteris
985 2473 1128 2548 Agesilao
1162 2493 1180 2530 a
1210 2493 1283 2551 rege
1309 2475 1407 2531 missis
1437 2475 1522 2550 plura

229 2590 388 2639 narrantur
415 2601 508 2657 quam
534 2584 566 2639 in
593 2583 756 2642 Hellenicis
785 2579 840 2660 (ΙΙΙ
863 2584 892 2657 4,
917 2579 1063 2660 10-25),
1096 2585 1234 2642 nimirum
1262 2586 1346 2660 quod
1377 2583 1522 2643 historiae

229 2691 298 2749 illae
321 2693 417 2766 magis
440 2695 481 2750 ad
502 2710 550 2750 res
573 2694 703 2768 privatas
726 2711 819 2770 quam
838 2693 973 2769 publicas
995 2695 1156 2769 pertinent.

328 2801 357 2858 11
385 2808 399 2860 1
434 2803 594 2877 Agesilaus
632 2804 783 2880 laudatur,
819 2805 906 2880 quod
941 2805 1051 2861 eadem
1089 2805 1136 2860 via
1172 2805 1254 2863 idem
1286 2806 1370 2879 quod
1404 2804 1520 2862 Xerxes

228 2908 363 2968 Graecos
400 2912 581 2969 subacturus
624 2930 706 2970 anno
748 2921 885 2970 vertente
927 2913 984 2969 iter
1015 2913 1081 2988 ipse
1118 2913 1216 2970 minus
1250 2913 1375 2988 triginta
1412 2914 1519 2971 dlebus

145 3053 150 3064 ι
230 3018 343 3076 fecerit.
387 3019 456 3078 Hoc
484 3039 607 3097 quoque
636 3023 786 3080 rhetorice
819 3022 958 3080 additum
990 3030 1047 3090 est,
1084 3024 1168 3099 quod
1204 3023 1309 3099 proelii
1337 3021 1524 3081 Corinthiaci

229 3131 378 3200 nuntium,
401 3131 451 3205 qui
474 3132 503 3187 in
519 3132 685 3189 Hellenicis
707 3131 750 3189 lV
767 3134 795 3202 3,
814 3137 910 3208 lsqq.
935 3132 1051 3206 legitur,
1075 3133 1203 3206 scriptor
1223 3132 1282 3190 alio
1306 3132 1374 3190 loco
1397 3125 1473 3213 (VII
1490 3127 1522 3210 5)

229 3248 405 3297 narraturus
437 3249 510 3302 erat.
567 3241 691 3313 Quanto
714 3250 818 3300 autem
838 3251 976 3318 tempore
998 3241 1092 3298 Xerxi
1114 3243 1145 3298 in
1168 3241 1329 3300 Graeciam
1351 3242 1522 3299 transeunti

230 3366 307 3424 opus
331 3349 430 3423 fuerit,
454 3370 491 3408 ea
514 3353 554 3407 de
576 3370 608 3408 re
630 3353 690 3409 iam
712 3351 929 3427 Xenophontis
952 3360 1056 3408 aetate
1086 3351 1161 3408 alius
1194 3351 1279 3409 aliud
1301 3352 1422 3408 videtur
1443 3351 1522 3409 iudi·

229 3461 356 3518 cavisse.
401 3458 559 3518 Cornelius
589 3460 693 3537 Nepos
727 3471 760 3519 ut
789 3463 820 3518 in
848 3463 910 3519 vita
937 3461 1153 3518 Themistoclis
1186 3457 1229 3536 (V
1252 3456 1284 3533 2)
1317 3477 1371 3517 sex
1402 3478 1522 3518 menses

229 3570 323 3630 fuisse
346 3573 439 3628 tradit
461 3571 503 3626 ita
525 3571 555 3626 in
578 3570 724 3646 Agesilao
747 3569 805 3644 (ΙΙΙ
827 3567 857 3646 t)
880 3570 1119 3645 Xenophontem
1142 3577 1266 3627 secutus
1288 3576 1385 3626 totum
1408 3587 1523 3627 annum

228 3679 260 3736 in
282 3679 332 3736 illo
354 3680 462 3736 itinere
478 3688 693 3755 consumptum
711 3697 779 3737 esse
801 3688 911 3738 narrat.
955 3679 1027 3736 Mea
1050 3680 1175 3754 quidem
1197 3679 1351 3736 sententia
1365 3678 1521 3755 Xenopho

228 3789 309 3865 vulgi
331 3789 445 3847 rettulit
468 3790 652 3864 opinionem.

329 3898 395 3955 Iam
418 3899 635 3955 transeundum
651 3899 755 3954 estad
777 3915 831 3955 eos
855 3898 947 3971 locos,
970 3897 1001 3954 iu
1017 3897 1125 3972 quibus
1139 3885 1294 3955 ‘laudator
1308 3895 1524 3971 Xenophontis

230 4008 314 4067 locos
337 4025 400 4064 non
421 4008 590 4064 intellectos
614 3993 794 4082 corrupisse'
817 4008 934 4066 dicitur.
968 4008 1014 4064 Ac
1036 4008 1165 4080 primum
1187 4007 1311 4082 quidem
1335 4007 1375 4062 de
1397 4022 1524 4063 numero

227 4119 364 4195 militum,
387 4119 566 4192 quibuscum
591 4118 677 4192 apud
702 4115 876 4174 Coroneam
899 4116 1043 4191 Agesilao
1067 4117 1268 4191 pugnandum
1291 4123 1363 4184 erat,
1394 4114 1525 4173 encomii

227 4229 405 4304 scriptorem
428 4245 497 4284 cum
526 4225 736 4301 Xenophonte
759 4227 932 4284 consentire
959 4234 1084 4300 negant.
1126 4224 1208 4282 Illius
1231 4225 1313 4282 enim
1334 4223 1427 4280 verba
1453 4230 1525 4281 sunt

227 4338 256 4395 11
279 4341 296 4394 7
325 4334 448 4412 πλῇθό(
477 4353 512 4396 τε
539 4333 636 4397 οὐδὲν
658 4335 747 4410 μεῖον
769 4330 789 4407 ἢ
812 4331 849 4394 τὸ
872 4333 936 4394 τῶν
958 4331 1120 4409 πολεμίων
1141 4329 1377 4408 παρεεκεύαετο
1401 4341 1432 4390 et
1453 4332 1523 4390 119

227 4443 338 4522 ἑώρων
361 4445 397 4508 δὲ
419 4443 474 4507 τὰ(
498 4441 668 4521 φάλαγγα(
691 4439 839 4518 ἀλλήλων
855 4439 939 4517 μάλα
959 4437 1128 4518 ἰεομάχους
1151 4461 1177 4505 κ.
1188 4462 1213 4504 τ.
1226 4444 1263 4514 λ.,
1286 4442 1335 4501 hic
1349 4442 1524 4517 Agesilaum

325 4693 407 4763 1quo
431 4698 512 4747 modo
535 4713 600 4748 voce
626 4695 783 4761 (τρατηγὸν
808 4692 833 4761 (ἓ
853 4692 881 4760 4)
907 4694 1101 4743 demonstretur
1124 4692 1279 4756 Agesilaum
1308 4691 1395 4756 ipsum
1418 4705 1521 4756 pugnae

223 4794 372 4846 interfuisse
390 4811 445 4844 non
463 4795 599 4858 intellego.
