3588 5312
849 361 1027 429 -34..

287 548 414 614 inveniri
436 553 513 613 libro
536 562 624 614 sexto
647 554 699 630 qui
720 561 770 612 est
791 555 831 612 de
854 553 944 612 rebus
966 553 1063 628 magis
1078 551 1165 627 notis,
1189 549 1259 626 Cyri
1281 569 1349 610 cum
1365 549 1480 610 Croeso
1496 549 1589 612 bello.

288 665 427 726 Alterum
442 664 654 724 laudationum
676 663 823 721 indicium
839 671 942 721 exstat
963 662 1037 721 hoc:
1059 670 1094 719 ut
1112 663 1144 718 in
1159 661 1304 736 Agesilao
1327 679 1364 718 ea
1387 679 1467 737 quae
1482 678 1589 719 omnes

288 771 459 851 Spartiatae
491 773 629 832 lecerunt
660 773 701 830 illi
723 773 779 830 soli
813 773 983 830 tribuuntur
995 769 1015 840 ¹,
1047 772 1089 828 ita
1111 771 1212 828 Bauer
1242 769 1272 847 (l.
1296 769 1336 848 c.)
1369 790 1409 828 ex
1439 770 1587 828 nonnullis

289 885 363 943 locis
389 882 601 961 Cyropaediae
631 891 663 941 et
685 882 754 958 Cyri
787 882 992 958 expeditionis
1023 882 1235 939 communibus
1270 880 1492 939 demonstravit
1525 898 1590 938 non

288 994 386 1053 solum
410 992 479 1071 Cyri
499 993 623 1051 maioris
646 992 834 1067 temporibus
867 1010 905 1048 ea
928 1008 998 1049 esse
1021 992 1175 1066 adscripta
1197 1009 1277 1067 quae
1298 990 1452 1066 Xenopho
1480 1010 1506 1052 a.
1527 991 1587 1050 401

287 1104 354 1180 ipse
376 1103 574 1179 cognovisset
596 1101 884 1175 commentariisque
908 1099 1130 1175 descripsisset,
1160 1101 1217 1158 sed
1239 1101 1332 1158 etiam
1353 1108 1450 1158 totam
1472 1117 1591 1158 morum

290 1212 528 1289 descriptionem
562 1209 682 1288 aCyro
715 1211 833 1268 minore
855 1209 969 1282 (Anah.
992 1210 1006 1266 I
1029 1207 1061 1284 9)
1084 1210 1114 1267 in
1135 1211 1281 1268 maiorem
1303 1227 1371 1268 esse
1402 1209 1591 1269 translatam.

291 1321 456 1381 Praeterea
483 1322 612 1397 scriptor
641 1329 782 1379 auctores
804 1319 962 1378 Persarum
994 1321 1083 1378 rebus
1112 1319 1247 1378 faventes
1280 1327 1404 1378 secutus
1432 1317 1591 1396 Cambysis

289 1434 321 1492 in
349 1434 524 1509 Aegyptum
556 1431 786 1507 expeditionem
819 1428 898 1506 Cyro
933 1429 1094 1504 adsignare
1126 1447 1190 1486 non
1219 1429 1378 1491 dubitavit.
1431 1429 1492 1487 Sed
1525 1429 1590 1486 eius

290 1545 425 1601 studium
441 1542 533 1600 etiam
555 1541 663 1600 clarius
683 1541 830 1616 cognosci
845 1548 958 1616 potest.
997 1539 1199 1616 Praeceptum
1214 1540 1295 1597 enim
1316 1539 1390 1596 illud
1408 1537 1592 1596 rhetoricum

291 1654 377 1729 quod
409 1651 470 1710 iam
503 1670 596 1727 supra
629 1651 907 1708 demonstravimus
932 1679 970 1690 —
996 1658 1029 1707 ut
1063 1651 1114 1725 qui
1136 1650 1274 1708 laudetur
1305 1667 1368 1708 non
1398 1649 1494 1707 modo
1527 1667 1592 1706 non

290 1763 388 1822 malus
423 1762 613 1822 describatur
639 1761 697 1819 sed
719 1761 757 1819 ab
791 1760 874 1817 omni
905 1768 992 1835 parte
1023 1760 1121 1817 bonus
1143 1790 1184 1799 —
1208 1760 1251 1818 ita
1276 1759 1425 1835 adhibuit,
1457 1766 1491 1816 ut
1521 1775 1593 1816 cum

294 1872 410 1948 duplex
432 1881 515 1931 esset
538 1869 709 1931 memoria2
739 1873 779 1929 de
801 1872 964 1930 Medorum
986 1890 1081 1947 regno
1111 1873 1142 1929 in
1163 1871 1269 1930 Persas
1292 1871 1440 1930 translato
1464 1887 1517 1928 eos
1543 1888 1592 1928 se·

297 1991 440 2060 queretur
464 1981 548 2056 (VIII
565 1977 606 2062 5),
631 1983 683 2057 qui
706 1981 815 2057 Cyrum
839 1980 982 2059 Cyaxaris
1005 1983 1095 2040 filiam
1116 1983 1147 2040 in
1168 1982 1393 2040 matrimonium
1415 1980 1538 2038 duxisse
1559 1987 1594 2036 et

300 2090 439 2151 Mediam
464 2093 545 2150 dotis
578 2093 647 2151 loco
671 2093 828 2168 accepisse
857 2095 1022 2152 traderent.
1066 2091 1214 2151 Nimirum
1237 2093 1278 2150 ad
1312 2091 1444 2166 effigiem
1476 2089 1595 2165 imperii

297 2203 368 2261 iusti
391 2203 585 2261 scribendam
606 2221 670 2260 non
694 2211 799 2278 aptum
820 2212 885 2260 erat
905 2221 922 2258 a
944 2220 1040 2277 regno
1063 2220 1121 2259 avo
1143 2210 1249 2278 erepto
1272 2199 1452 2260 narrationis
1474 2200 1594 2257 initium

296 2312 409 2376 facere.
445 2313 579 2371 Similem
601 2312 641 2370 ob
657 2329 782 2371 causam
808 2321 839 2368 et
853 2312 1007 2386 Xenopho
1029 2312 1141 2369 bellum
1162 2330 1232 2369 cum
1246 2313 1456 2370 Acarnanibus
1480 2310 1592 2368 factum

297 2420 374 2479 falso
394 2423 527 2480 narravit
548 2417 767 2498 (Ages.1120)
790 2430 821 2478 et
842 2422 993 2479 Isocrates
1017 2422 1137 2479 cladem
1158 2422 1299 2479 navalem
1321 2423 1360 2479 ab
1377 2420 1522 2497 Euagora
1543 2438 1593 2478 ac·

297 2541 418 2607 ceptam
440 2531 561 2590 silentio
584 2523 787 2607 praetermisit
810 2528 918 2606 (Euag.
942 2532 957 2602 ἕ
981 2527 1042 2608 62).

394 2641 485 2700 Haec
506 2641 568 2698 fere
585 2649 655 2699 sunt
677 2659 756 2716 quae
773 2641 928 2716 Xenopho
951 2643 991 2700 de
1013 2660 1119 2718 regum
1142 2642 1189 2698 vel
1209 2642 1323 2699 ducum
1343 2641 1411 2699 vitis
1427 2639 1595 2698 memoriae

295 2752 430 2810 tradidit.
474 2751 605 2810 Socratis
628 2745 942 2826 ἀπομνημονεύματα
965 2771 1004 2809 ex
1024 2753 1178 2820 memoria,
1210 2761 1244 2808 ut
1266 2753 1395 2822 videtur,
1419 2753 1595 2827 conscripta

297 2877 484 2937 quamquam
513 2861 555 2917 ad
575 2878 633 2919 nos
656 2861 729 2918 nihil
756 2861 897 2918 adtinent
919 2871 1022 2919 tamen
1045 2878 1284 2919 commemorare
1307 2862 1404 2919 velim.
1442 2861 1489 2918 Eo
1511 2861 1595 2918 enim

298 2969 384 3044 quod
404 2967 643 3045 philosophandi
671 2971 816 3030 facultate
846 2990 909 3029 non
938 2974 1106 3030 admodum
1134 2970 1293 3045 praeditus
1327 2970 1458 3028 Socratis
1497 2969 1594 3046 magis

298 3094 399 3136 mores
422 3085 454 3135 et
476 3078 653 3152 religionem
684 3098 776 3155 quam
798 3080 1021 3157 philosophiam
1044 3081 1204 3156 descripsit
1237 3080 1467 3157 fabularumque
1487 3081 1592 3138 iucun-

300 3187 427 3247 ditatem
460 3205 529 3245 cum
552 3189 726 3263 aequalium
753 3191 962 3248 notationibus
996 3191 1072 3247 scite
1096 3190 1260 3266 coniunxit,
1296 3189 1425 3247 formam
1454 3188 1592 3266 praebuit

297 3296 428 3372 posteris
452 3313 532 3372 quae
548 3305 630 3356 certa
645 3299 763 3356 ratione
779 3309 810 3357 et
825 3300 1027 3374 dispositione
1043 3281 1149 3357 carens
1166 3298 1255 3357 facile
1274 3300 1413 3374 legentes
1435 3300 1476 3355 ad
1497 3315 1595 3356 novas

298 3408 541 3465 narratiunculas
564 3415 595 3466 et
616 3407 716 3464 facete
747 3408 831 3465 dicta
853 3409 1060 3482 excogitanda
1092 3407 1235 3484 librisque
1256 3409 1398 3484 genuinis
1430 3407 1595 3464 inserenda

298 3516 461 3591 pelliceret

399 3626 465 3684 Iam
479 3644 552 3684 vero
573 3626 745 3703 priusquam
761 3627 1000 3703 Xenophontem
1023 3628 1209 3705 dimittimus,
1231 3646 1331 3705 pauca
1353 3627 1444 3685 velim
1457 3643 1595 3686 mouere.

302 3733 533 3812 Qualecumque
559 3738 599 3793 de
625 3737 748 3812 singulis
771 3737 890 3812 scriptis
906 3739 1052 3796 iudicium
1074 3739 1162 3812 feres,
1188 3757 1226 3796 ea
1248 3739 1373 3813 quidem
1395 3735 1488 3795 laude
1503 3754 1595 3794 nemo

190 3837 200 3858 ⁰
301 3844 540 3921 Xenophontem
563 3845 726 3924 fraudabit,
749 3848 835 3921 quod
857 3856 954 3904 artem
975 3847 1052 3905 vitas
1082 3848 1297 3906 conscribendi
1318 3847 1400 3904 vario
1421 3848 1517 3904 modo
1544 3865 1596 3904 ex·

301 3952 428 4011 coluerit
450 3961 542 4029 atque
564 3953 741 4030 auspicatus
765 3953 811 4014 sit.
853 3953 884 4011 Si
904 3954 1029 4028 quidem
1055 3972 1111 4012 nos
1135 3954 1193 4029 ipsi
1222 3953 1356 4013 historici
1378 3973 1448 4014 esse
1479 3956 1597 4014 iudica·

402 4147 513 4215 1Ages.
532 4152 561 4202 II
580 4151 613 4205 17
630 4151 687 4204 init.
706 4150 882 4218 1124(c011.
901 4153 977 4205 Heli.
996 4152 1038 4204 IV
1056 4151 1083 4220 4,
1105 4151 1147 4206 19.
1177 4153 1219 4204 VI
1237 4153 1262 4222 5,
1282 4152 1315 4208 27
1332 4155 1409 4222 sqq).

400 4243 413 4282 ²
430 4250 572 4300 Medorum
585 4265 694 4314 regnum
709 4265 724 4299 a
739 4250 828 4300 Persis
847 4250 920 4300 bello
936 4251 1073 4301 subactum
1087 4266 1147 4301 esse
1165 4251 1279 4301 referunt
1296 4252 1404 4302 annales
1423 4251 1597 4304 Nabunahidi

197 4330 200 4340 ¹
301 4344 397 4413 (Bauer
413 4344 432 4420 l,
451 4362 473 4400 c.
491 4346 554 4413 499)
574 4349 730 4398 Herodotus
749 4349 763 4397 1
783 4347 834 4401 127
848 4363 905 4415 sqq.
945 4348 1048 4399 Ctesias
1071 4365 1112 4414 ap.
1133 4348 1223 4402 Nicol.
1247 4349 1369 4402 Damaso.
1388 4348 1432 4402 66.
1468 4351 1598 4416 Xenoph.

302 4442 470 4503 Anab.19,
490 4443 514 4496 1.
551 4445 691 4497 Menexen.
715 4443 768 4498 239
787 4446 821 4498 D.
844 4445 915 4509 legg.
943 4443 997 4498 694
1015 4449 1051 4498 A.
1091 4445 1186 4498 Iulian.
1210 4461 1264 4498 ene.
1288 4445 1377 4499 Coust.
1395 4445 1429 4500 41
1447 4447 1476 4501 C.
1512 4450 1597 4501 Isocr.

302 4541 386 4604 Euag.
404 4539 448 4593 37.
491 4541 532 4590 Ex
559 4531 682 4589 Isocratis
701 4540 764 4590 loco
793 4541 865 4590 haud
893 4541 948 4592 scio
978 4556 1010 4590 an
1033 4541 1157 4592 concludi
1179 4541 1256 4591 liceat
1281 4557 1348 4611 eum,
1368 4559 1427 4594 cum
1447 4545 1598 4610 Euagoram

303 4637 436 4705 scriberet,
455 4637 647 4703 Cyropaediam
666 4637 837 4700 ignoravisse.
875 4637 904 4688 Si
924 4638 1031 4703 quidem
1049 4639 1181 4688 rhetorum
1203 4641 1285 4690 modo
1304 4639 1364 4706 Cyri
1382 4640 1494 4704 gloriam
1512 4641 1599 4693 voluit

303 4735 429 4794 minuere,
449 4733 640 4800 Cyropaediam
658 4742 762 4784 secutus
780 4735 809 4785 id
827 4735 900 4802 quod
917 4735 1002 4785 voluit
1020 4735 1098 4785 etiarn
1116 4735 1220 4786 facilius
1239 4743 1341 4803 poterat
1360 4737 1478 4810 adsequi.
