3588 5312
785 363 961 427 ηρ..

415 587 431 670 ξ
455 595 481 655 2.
515 593 689 652 laudatio
712 610 789 651 cum
811 611 930 651 rerum
952 591 1110 651 historia
1131 587 1333 653 consentit.

326 763 473 823 Ordinem
495 771 526 820 et
542 763 776 839 dispositionem
791 763 927 819 locorum
948 764 987 820 ab
1000 761 1193 819 Hartmanno
1209 761 1381 820 confectam
1400 779 1520 836 sequar,

229 875 279 950 qui
300 874 450 931 nonnullis
466 871 588 948 Hageni
608 873 759 930 erroribus
782 871 919 928 refutatis
934 873 1000 946 ipse
1021 871 1199 945 gravissima
1214 879 1390 947 argumenta
1414 871 1522 946 quibus

228 984 397 1057 Agesilaum
414 982 633 1058 Xenophontis
656 1000 717 1039 non
740 999 809 1038 esse
833 981 885 1038 viri
906 981 989 1038 docti
1010 981 1263 1037 demonstrabant
1285 979 1408 1054 collegit
1430 989 1522 1054 atque

225 1093 382 1168 disposuit.
436 1093 596 1150 Summum
634 1092 719 1165 quod
754 1091 907 1148 laudatori
942 1090 1057 1146 crimini
1090 1092 1179 1147 datur
1215 1090 1259 1147 sic
1291 1089 1520 1164 pronuntiatur:

221 1196 338 1277 ‘aperte
359 1211 391 1259 et
413 1203 612 1276 impudenter
633 1188 804 1258 mentitur³l

324 1311 434 1386 Capite
457 1312 538 1368 euim
558 1312 656 1386 primo
673 1304 741 1387 (56)
764 1303 925 1384 Agesilaus
947 1327 1001 1365 rex
1023 1307 1121 1365 iactus
1144 1325 1213 1364 esse
1236 1308 1349 1366 dicitur
1369 1303 1424 1369 ‘tu
1446 1307 1521 1372 νέος

225 1415 289 1482 ὤν’,
328 1419 485 1491 Quoniam
509 1437 581 1476 vero
596 1419 758 1495 Agesilaus
781 1419 832 1477 illo
849 1428 986 1493 tempore
1010 1417 1212 1493 quadraginta
1234 1417 1296 1475 fere
1312 1435 1410 1476 annos
1431 1428 1522 1477 natus

224 1539 299 1608 erat,
330 1532 466 1605 sequitur
497 1538 531 1587 ut
555 1530 701 1586 laudator
728 1529 874 1586 mentitus
897 1529 944 1586 sit.
988 1527 1049 1586 Sed
1078 1527 1164 1584 notio
1187 1527 1267 1584 vocis
1289 1524 1364 1588 νέος
1397 1531 1522 1587 omnino

224 1641 314 1698 certis
338 1639 446 1698 finibus
477 1639 595 1696 definiri
623 1641 739 1714 nequit.
781 1638 816 1694 E.
840 1631 977 1694 Rhode1
1006 1635 1228 1692 demonstravit
1249 1653 1288 1692 ne
1317 1615 1381 1694 eos·
1399 1638 1522 1712 quidem

225 1747 399 1823 scriptores,
424 1747 534 1822 quibus
556 1747 587 1802 in
609 1746 713 1821 primis
737 1745 864 1802 notione
888 1744 938 1802 illa
961 1751 1104 1801 accurate
1127 1746 1277 1801 utendum
1299 1754 1372 1820 erat,
1396 1748 1523 1804 cosdem

224 1873 321 1913 annos
346 1873 421 1913 voce
443 1853 517 1916 νέος
550 1855 731 1931 significare.
778 1853 941 1912 Praeterea
966 1853 1074 1911 Graeci
1100 1854 1157 1928 ipsi
1178 1854 1299 1911 novisse
1322 1856 1463 1914 videntur
1484 1859 1522 1915 ab

225 1966 292 2022 aliis
316 1965 375 2024 alio
397 1967 492 2022 modo
509 1983 576 2022 eam
597 1965 724 2033 definiri,
747 1966 780 2021 id
802 1966 888 2040 quod
908 1964 1030 2040 probari
1051 1964 1168 2020 videtur
1189 1963 1431 2022 Memorabilium
1452 1967 1522 2023 loco

226 2069 300 2150 (12,
323 2076 376 2152 35)
398 2077 449 2156 ubi
473 2076 594 2150 legitur:
624 2071 676 2134 καὶ
699 2062 916 2149 ὁΣωκράτης,
942 2070 1008 2134 Ἵνα
1031 2070 1147 2148 τοίνυν,
1174 2067 1246 2148 ἔφη,
1271 2070 1311 2148 μὴ
1339 2069 1522 2151 ἀμφίβολον

226 2181 253 2264 ᾗ,
277 2179 404 2259 ὁρίςατέ
427 2202 479 2260 μοι
502 2182 591 2259 μέχρι
616 2181 724 2245 πόςων
746 2180 829 2245 ἐτῶν
852 2183 901 2245 δεῖ
922 2179 1062 2258 νομίζειν
1082 2180 1175 2243 νέους
1198 2177 1378 2244 εἶναιτοὺς
1401 2179 1523 2260 ἀνθρώ-

223 2309 312 2354 πους.
357 2290 449 2354 καὶὸ
473 2290 638 2369 Χαρικλῆς,
672 2290 842 2370 Ὅςουπερ,
865 2288 943 2364 εἶπε,
971 2287 1089 2368 χρόνου
1119 2290 1285 2368 βουλεύειν
1312 2290 1372 2354 οὐκ
1402 2291 1520 2358 ἔξεςτιν

224 2399 266 2463 ὡς
291 2391 382 2464 οὔπω
405 2400 574 2479 φρονίμοις
597 2399 684 2464 οὔςι·
708 2402 787 2479 μηδὲ
810 2401 845 2464 ςὺ
871 2401 1021 2476 διαλέγου
1044 2400 1214 2477 νεωτέροις
1235 2399 1406 2478 τριάκοντα
1429 2401 1519 2467 ἐτῶν.

224 2514 355 2570 Accedit
376 2515 461 2588 quod
484 2513 661 2571 Plutarchus
685 2509 803 2588 (Pericl.
828 2513 859 2582 3)
883 2514 923 2568 de
945 2531 1048 2588 pugna
1069 2512 1264 2570 Marathonia
1286 2514 1380 2571 verba
1402 2514 1518 2574 faciens

224 2621 465 2680 Themistoclem
487 2619 565 2683 νέον
587 2617 633 2682 ἔτι
656 2623 737 2697 dicit,
761 2641 831 2680 cum
854 2623 902 2680 ille
922 2622 1005 2680 haud
1026 2625 1124 2679 minor
1146 2631 1227 2680 esset
1242 2623 1364 2698 triginta
1386 2625 1519 2700 quinque

224 2733 318 2790 annis.
361 2731 513 2791 Videmus
530 2734 622 2809 igitur
645 2733 779 2790 Graecos
800 2733 850 2788 illa
872 2749 949 2789 voce
971 2731 1053 2788 haud
1079 2749 1147 2788 raro
1173 2749 1245 2788 usos
1269 2749 1335 2789 esse
1361 2750 1458 2808 aeque
1481 2753 1518 2792 ac

224 2859 282 2898 nos
312 2857 388 2898 voce
403 2841 487 2916 jung
509 2842 527 2899 i.
543 2859 570 2899 e.
594 2841 778 2898 contrarium
800 2841 940 2897 dicentes
962 2841 1030 2897 voci
1044 2836 1159 2913 γέρων.
1193 2840 1252 2897 Hic
1277 2842 1411 2916 denique
1434 2843 1520 2901 locus

223 2950 308 3006 haud
334 2951 397 3007 scio
421 2951 524 3006 auita
547 2967 670 3027 quoque
697 2949 839 3024 explicari
861 2951 958 3024 possit
969 2945 992 3018 2,
1025 2958 1058 3006 ut
1081 2950 1207 3006 aliorum
1234 2969 1342 3024 regum
1364 2953 1517 3010 aetatibus

225 3059 408 3133 comparatis
432 3058 593 3132 Agesilaus
614 3052 659 3117 ἔτι
681 3054 755 3118 νέος
778 3054 825 3118 ὢν
855 3076 907 3115 rex
930 3059 1048 3116 dicatur
1071 3059 1168 3116 lactus
1194 3077 1273 3118 esse.
1318 3060 1398 3119 Nihil
1429 3063 1519 3137 igitur

223 3169 343 3224 invenio
366 3168 528 3226 mendacii.

323 3278 408 3336 Alter
439 3278 533 3351 locus,
570 3295 631 3352 quo
668 3278 810 3335 laudator
839 3279 986 3335 ¹mentitus
1021 3295 1090 3336 esse
1123 3279 1241 3348 dicitur,
1275 3280 1368 3338 etiam
1401 3279 1518 3339 facilius

226 3388 359 3462 expediri
385 3395 497 3462 potest.
545 3387 602 3445 13
625 3386 761 3462 Agesilai
789 3388 920 3445 maiores
948 3383 987 3447 οὐ
1017 3385 1178 3463 δευτέρων
1206 3385 1423 3463 πρωτεύουςιν
1447 3384 1516 3450 ἀλλ’

223 3491 389 3571 ἡγεμόνων
411 3491 667 3570 ἡγεμονεύουςιν,
690 3513 771 3571 quae
794 3498 886 3554 verba
901 3499 1067 3556 adversarii
1088 3507 1159 3574 post
1178 3516 1297 3574 pugnas
1322 3501 1363 3556 ad
1384 3499 1519 3558 Leuctra

223 3613 254 3662 et
278 3606 467 3664 Mantineam
489 3608 667 3662 commissas
691 3607 795 3681 inepte
824 3616 917 3681 atque
940 3610 1089 3665 mendose
1112 3610 1174 3666 dici
1196 3610 1399 3669 contendunt.
1453 3609 1517 3666 Sed

221 3715 350 3788 primum
386 3713 436 3770 illa
472 3715 563 3770 verba
587 3714 629 3771 ad
651 3731 758 3770 omnes
783 3715 918 3789 Agesilai
940 3717 1070 3773 maiores
1093 3717 1354 3787 referendasunt,
1388 3735 1517 3793 quorum

222 3824 334 3880 multos
379 3822 526 3880 Graeciae
563 3823 767 3897 principatum
803 3825 978 3882 tenentibus
1015 3825 1211 3900 imperavisse
1252 3811 1342 3884 nemo
1377 3827 1517 3901 negabit;

225 3933 339 3989 deinde
362 3931 514 4006 Xenopho
538 3949 624 4007 spem
645 3949 707 3989 non
729 3950 853 4008 prorsus
881 3933 1031 3992 deiecisse
1059 3936 1177 3992 videtur
1203 3934 1336 3992 futurum
1369 3953 1437 3992 esse
1465 3936 1518 3991 ali-

224 4043 359 4116 quando,
384 4049 417 4098 ut
444 4041 683 4098 Lacedaemonii
712 4041 861 4099 Graeciae
885 4044 1086 4119 principatum
1111 4053 1327 4120 recuperarent
1338 4040 1359 4104 ³.
1397 4043 1519 4116 Quodsi

225 4151 324 4226 capite
341 4150 461 4208 decimo
485 4147 512 4227 (ξ
528 4151 560 4224 4)
576 4151 695 4225 legitur:
717 4146 939 4227 ἀναμάρτητος
955 4149 1139 4226 ἐτελεύτηςε
1161 4154 1234 4211 satis
1250 4153 1351 4212 habeo
1367 4163 1516 4232 repetere,

322 4413 421 4469 1Μιτε.
445 4418 533 4470 Rhen.
551 4419 683 4468 XXXVI
701 4417 762 4472 538.

321 4511 334 4549 ²
349 4516 378 4565 id
397 4516 469 4581 quod
488 4515 562 4566 Stahl
580 4516 719 4582 proposuit
735 4515 807 4568 Phil.
826 4519 895 4567 Auz.
913 4516 983 4566 XVI
1001 4515 1044 4568 42.

320 4608 380 4664 8cf.
404 4613 476 4664 Hell.
496 4613 549 4662 VII
572 4610 597 4678 5,
616 4611 659 4664 26.
683 4611 718 4664 27
744 4613 790 4662 ubi
810 4629 862 4661 non
888 4614 969 4662 modo
998 4629 1052 4664 non
1080 4614 1351 4664 Lacedaemoniorum
1378 4615 1516 4682 imperium

217 4707 326 4758 fractum
346 4714 373 4758 et
392 4707 504 4758 deletum
525 4723 584 4758 esse
602 4707 723 4774 legimuS,
743 4708 790 4756 sed
810 4723 843 4756 ne
864 4708 948 4757 victos
968 4709 1075 4773 quidem
1098 4725 1144 4759 eos
1164 4725 1223 4758 esse
1243 4710 1363 4763 traditur.

1299 4832 1317 4886 2
