3588 5312
824 426 929 484 ...37
967 457 1000 468 ..

64 595 68 604 “
181 653 186 664 ,
265 607 451 686 principibus
472 625 570 665 rerum
592 606 779 683 publicarum
801 607 927 666 seorsim
949 608 1106 685 scripsisse
1129 609 1241 669 scimus
1262 626 1364 688 neque
1394 628 1433 669 ex
1453 611 1562 688 paucis

266 718 385 778 illorum
406 718 582 793 fragmentis
598 717 719 792 gravius
741 719 910 796 quidquam
934 719 1086 779 enucleari
1106 728 1219 797 potest,
1242 723 1284 779 ad
1304 739 1359 780 eos
1382 722 1561 798 confugien-

268 831 342 888 dum
364 836 412 887 est
432 835 574 886 auctores
596 829 648 905 qui
670 836 782 904 postea
804 829 881 887 vitas
904 829 1097 906 scripserunt.
1139 829 1269 906 Nepotis
1292 831 1382 908 igitur
1405 831 1472 892 vitis
1495 850 1564 909 per·

268 938 400 1000 lustratis
423 937 523 999 fontes
547 938 651 1013 quales
675 937 787 998 fuerint
808 937 998 1018 indagemus.
1072 995 1074 1000 .

559 1385 627 1458 De
654 1383 837 1460 Cornelii
862 1383 1040 1480 Nepotis
1068 1329 1265 1462 fontibus.

284 1665 285 1670 .
367 1595 499 1657 Constat
526 1596 605 1655 inter
631 1613 739 1654 omues
764 1596 797 1655 in
820 1596 952 1673 Nepotis
987 1596 1055 1654 vitis
1082 1603 1230 1671 sexcenta
1257 1597 1385 1658 inveniri
1410 1605 1510 1657 errata
1533 1605 1565 1657 et

265 1703 404 1785 peccata,
427 1726 509 1784 quae
523 1706 730 1784 Nipperdeius
753 1707 882 1765 aliorum
905 1713 1063 1766 auctorum
1086 1705 1267 1765 testimoniis
1289 1707 1421 1766 conlatis
1444 1725 1564 1768 summa

267 1818 424 1895 diligentia
451 1818 620 1878 adnotavit.
662 1817 771 1894 Itaque
798 1817 851 1875 viri
881 1817 966 1876 docti
996 1824 1122 1893 propter
1148 1816 1305 1876 levitatem
1330 1816 1445 1894 Nepoti
1471 1817 1564 1877 fidem

266 1929 443 1988 habendam
466 1946 535 1986 esse
558 1935 756 2003 negaverunt.
802 1927 966 1997 Concedo;
989 1945 1176 2004 quamquam
1194 1927 1302 1986 dubito
1317 1943 1356 1985 an
1371 1927 1485 2004 Nepoti
1500 1944 1564 1987 uon

155 2089 158 2095 .
266 2045 333 2096 tota
349 2039 439 2113 culpa
460 2037 656 2113 adsignanda
678 2037 725 2097 sit.
776 2036 849 2094 Mea
872 2037 998 2112 quidem
1017 2037 1170 2096 sententia
1193 2037 1287 2095 etiam
1311 2038 1411 2096 iontes
1433 2037 1563 2116 Nepotis

267 2148 299 2206 in
327 2147 441 2208 crimen
469 2148 602 2206 vocandi
629 2155 706 2207 sunt.
755 2146 890 2223 Scriptor
916 2147 968 2223 qui
994 2155 1081 2206 tanta
1117 2147 1313 2206 festinatione
1344 2148 1500 2228 scriberet,
1529 2156 1564 2208 ut

268 2259 493 2336 praefationem
526 2258 600 2316 satis
627 2257 736 2315 exilem
762 2234 974 2333 magnitudine
996 2256 1163 2315 voluminis.
1177 2256 1347 2333 prohibitus
1369 2257 1564 2335 abrumperet

268 2377 372 2445 atque,
396 2387 465 2428 cum
486 2367 671 2445 Iphicratem
692 2367 855 2428 Chabriam
874 2367 1072 2426 Timotheum
1094 2375 1262 2426 extremam
1281 2367 1410 2426 dixisset
1431 2375 1564 2428 aetatem

270 2481 488 2555 imperatorum
510 2478 752 2553 Atheniensium,
780 2476 864 2536 brevi
890 2486 961 2554 post
987 2477 1080 2536 etiam
1100 2477 1263 2537 Phocionis
1285 2477 1379 2536 vitam
1401 2473 1564 2550 narraret¹,

270 2598 393 2666 poterat
414 2606 488 2648 sane
510 2608 550 2647 ne
574 2587 675 2647 dicam
699 2589 835 2647 debebat
856 2589 952 2648 multa
973 2605 1111 2665 peccare,
1135 2590 1192 2647 sed
1215 2589 1258 2647 ad
1271 2605 1352 2646 nova
1366 2587 1512 2663 fingenda
1533 2595 1565 2647 et

268 2701 433 2759 multorum
467 2699 644 2775 scriptorum
677 2687 868 2758 narrationes
899 2700 1096 2757 inmutandas
1130 2706 1251 2775 tempus
1290 2717 1361 2758 eum
1392 2698 1564 2761 deficiebat.

269 2810 354 2883 Quid
389 2806 498 2884 igitur?
541 2809 622 2867 Num
649 2809 864 2886 Thucydidem
896 2809 1053 2885 Ephorum
1085 2807 1331 2888 Theopompum,
1365 2827 1443 2886 quos
1472 2809 1565 2886 vulgo

269 2919 424 2995 Nepotem
453 2926 591 2978 secutum
621 2936 690 2977 esse
715 2926 833 3016 pyrtant,
864 2917 912 2977 illa
939 2919 1074 2980 admisse
1100 2915 1281 2978 credamus?
1323 2919 1449 2978 Minime
1477 2936 1563 2991 ver0;

266 3047 339 3088 nam
360 3028 464 3106 Nepos
487 3046 542 3087 eos
564 3029 690 3086 omnino
714 3047 777 3086 non
801 3029 941 3104 inspexit.
985 3029 1055 3088 Scio
1083 3047 1132 3086 me
1154 3029 1317 3088 multorum
1339 3029 1471 3088 virorum
1490 3030 1564 3090 doc·

267 3147 367 3198 torum
390 3139 508 3197 iudiciis
530 3156 654 3214 prorsus
677 3137 901 3208 contradicere,
923 3157 981 3197 nec
997 3155 1069 3196 vero
1084 3139 1268 3214 argumentis
1294 3139 1458 3200 destitutus
1486 3139 1565 3201 hanc

269 3250 454 3308 sententiam
476 3249 653 3326 pronuntio.

253 3436 258 3442 ἱ
367 3361 402 3418 In
433 3360 494 3418 vita
522 3359 738 3419 Themistoclis
767 3353 836 3433 (IX)
859 3357 966 3434 Nepos
992 3357 1106 3417 litteras
1137 3358 1202 3418 eius
1231 3359 1272 3418 ad
1293 3358 1430 3417 Xerxem
1456 3359 1566 3418 missas

269 3470 310 3528 ad
325 3470 453 3527 verbum
472 3486 509 3526 ex
525 3468 709 3544 Thucydide
732 3468 842 3528 hausit.
863 3442 941 3526 .Sed
962 3475 997 3525 ut
1018 3468 1182 3527 minutiora
1203 3469 1352 3536 omittam.
1376 3469 1566 3528 enuntiatum

268 3578 341 3636 illud
364 3570 472 3653 ‘quam
499 3578 524 3636 si
552 3595 604 3636 ero
619 3618 729 3637 ......
747 3583 890 3651 expertus
911 3573 970 3634 est'
1000 3560 1083 3652 apud
1110 3575 1325 3653 Thucydidem
1352 3577 1477 3635 omnino
1502 3595 1566 3636 non

270 3695 379 3748 exstat.
431 3686 512 3745 Tum
540 3688 571 3744 in
598 3687 658 3744 fine
686 3667 794 3764 capitis
822 3686 935 3744 decimi
962 3687 1097 3759 offendo,
1130 3687 1215 3763 quod
1237 3686 1436 3762 Thucydides
1465 3704 1567 3763 neque

269 3815 342 3856 ossa
363 3797 429 3856 eius
451 3797 527 3856 clam
549 3797 581 3854 in
605 3797 708 3854 Attica
729 3798 849 3872 sepulta
871 3813 939 3855 esse
962 3792 1141 3856 contendit2
1163 3814 1264 3872 neque
1283 3785 1343 3855 ‘de
1358 3795 1491 3856 Graecia
1510 3815 1565 3873 op-

164 3949 166 3954 ·
269 3901 442 3986 primenda'
475 3906 715 3966 Themistoclem
743 3908 911 3982 quidquam
944 3907 1111 3983 pollicitum
1141 3923 1210 3964 esse
1238 3908 1341 3967 tradit.
1391 3906 1489 3966 Verus
1516 3907 1566 3965 ille

269 4037 369 4078 rerum
384 4017 512 4094 scriptor
527 4018 643 4075 incerta
659 4017 799 4075 omittere
816 4035 909 4093 quam
932 4017 1008 4076 ialsa
1029 4016 1223 4094 promulgare
1245 4016 1359 4075 maluit.
1403 4015 1567 4077 Praeterea

270 4129 354 4204 quod
376 4127 566 4213 Thucydidis
589 4144 703 4186 nomen
726 4125 784 4184 hoc
807 4125 876 4185 loco
900 4126 1036 4184 adfertur
1058 4126 1128 4185 nihil
1151 4127 1240 4187 valet.
1285 4124 1403 4185 Scimus
1426 4127 1506 4184 enim
1529 4145 1567 4186 ex

271 4237 420 4298 Cicerone
438 4231 533 4315 (Brut.
549 4235 594 4294 XI
608 4235 662 4309 42)
678 4237 759 4295 illam
773 4236 905 4295 fabulam
929 4236 1071 4295 omnibus
1091 4237 1280 4296 notissimam
1302 4235 1405 4305 fuisse,
1429 4244 1462 4294 et
1481 4235 1565 4295 Thu·

270 4347 386 4422 cydidis
399 4347 491 4404 verba
507 4345 664 4404 Stratoclis
680 4345 822 4405 Clitarchi
838 4346 1027 4422 aliorumque
1043 4333 1273 4406 narratiunculis
1290 4347 1465 4422 anteposita
1487 4364 1566 4406 esse.

227 4513 230 4520 ,
269 4457 304 4516 In
320 4455 478 4534 Iphicratis
501 4456 562 4515 vita
582 4449 689 4534 (1112)
704 4455 910 4533 Theopompo
929 4455 1144 4516 adscribuntur
1165 4475 1245 4534 quae
1265 4455 1317 4516 ille
1340 4457 1463 4516 nonde
1484 4455 1567 4534 Iphi·

308 4687 310 4692 Ι
369 4701 434 4760 1ci.
453 4707 531 4758 etiam
549 4707 633 4776 Nipp.
652 4707 686 4758 ad
704 4706 750 4760 vit.
769 4707 884 4759 Pausan.
903 4704 961 4760 13.

368 4799 381 4840 Ι
398 4803 569 4872 Thucydides
587 4805 666 4857 tradit
684 4811 808 4872 cognatos
829 4804 885 4856 eius
904 4802 973 4855 illud
991 4803 1147 4856 narravisse.
