3588 5312
790 354 966 416 -35-

227 557 295 600 mus
317 544 466 598 nontam
488 536 595 596 laudes
616 535 670 595 viri
698 553 808 596 canere
830 555 921 614 quam
942 537 1087 598 historiae
1111 538 1203 598 fidem
1226 537 1366 597 omnibus
1395 537 1525 598 auctori-

229 651 342 710 tatibus
364 647 483 706 omissis
507 647 680 719 observare,
703 657 843 707 nostrum
864 656 912 706 est
932 648 1174 725 Xenophontem
1195 666 1259 708 non
1283 649 1314 707 in
1341 649 1387 708 ius
1407 667 1526 722 vocare,

229 759 313 837 quod
332 759 364 816 in
379 757 515 832 Agesilai
536 758 676 816 laudibus
699 756 810 816 nimius
833 757 930 829 fuerit,
953 759 1010 816 sed
1026 759 1140 817 saeculi
1160 760 1313 817 rationem
1330 758 1443 818 habere
1464 777 1525 837 quo

227 870 370 930 Isocratis
391 863 545 944 discipuli*
555 867 713 927 historiam
735 869 984 928 moderabantur.

423 1325 491 1398 De
519 1320 815 1396 historicorum
843 1319 993 1395 studiis
1024 1319 1321 1418 biographicis.

322 1544 380 1601 Ars
410 1540 648 1617 biographorum
673 1557 821 1616 prospera
852 1540 973 1599 fortuna
1000 1557 1056 1599 usa
1087 1547 1143 1616 est,
1169 1541 1255 1617 quod
1284 1541 1366 1600 duae
1393 1541 1521 1600 vitarum

224 1653 446 1728 descriptiones
469 1657 627 1709 servantur
649 1668 688 1706 ex
710 1650 766 1707 illis
790 1650 976 1725 temporibus
999 1667 1067 1708 cum
1083 1649 1193 1708 Graeci
1214 1652 1354 1709 nondum
1375 1651 1406 1708 in
1416 1651 1522 1710 Mace·

224 1763 339 1821 donum
355 1761 509 1820 dicionem
523 1766 611 1817 erant
625 1760 752 1820 redacti.
786 1759 849 1818 Sed
871 1761 1011 1818 libertate
1026 1761 1149 1835 publica
1165 1762 1277 1819 amissa
1293 1780 1340 1820 ars
1360 1762 1410 1820 illa
1429 1761 1522 1820 etiam

191 1938 194 1944 ,
223 1873 330 1931 laetius
353 1869 492 1930 effloruit.
535 1870 602 1929 Iam
624 1869 750 1927 ineunte
773 1870 898 1927 saeculo
921 1878 1030 1945 quarto
1057 1869 1230 1946 philosophi
1252 1879 1285 1928 et
1305 1889 1406 1929 rerum
1428 1872 1523 1947 scrip·

223 1990 306 2040 tores
329 1979 499 2058 principum
522 1979 607 2038 aulas
630 1979 782 2038 adierant:
817 1979 905 2037 Plato
927 1987 974 2037 ter
1000 1979 1163 2055 Syracusas
1186 1981 1243 2038 iter
1264 1979 1346 2053 iecit,
1369 1981 1520 2038 Isocrates

223 2090 393 2168 Philippum
415 2091 603 2149 orationibus
626 2098 658 2147 et
680 2089 818 2165 epistulis
841 2089 938 2148 oravit
959 2099 1054 2166 atque
1075 2091 1254 2164 obsecravit,
1276 2097 1310 2147 ut
1332 2089 1521 2148 Graecorum

224 2202 382 2261 discordiis
404 2199 582 2276 compositis
604 2217 765 2258 commuue
787 2199 818 2256 in
833 2199 941 2258 Persas
959 2198 1070 2258 bellum
1096 2200 1273 2274 susciperet.
1300 2197 1418 2258 Neuter
1432 2200 1522 2276 quid·

222 2330 315 2388 quam
341 2311 450 2370 effecit.
494 2309 570 2368 Sunt
597 2327 670 2368 sane
699 2310 889 2385 compositae
913 2309 1100 2367 Graecorum
1130 2309 1313 2377 discordiae,
1344 2309 1401 2366 sed
1428 2308 1520 2383 longe

223 2420 282 2478 alio
302 2421 398 2478 modo
423 2427 516 2494 atque
538 2419 691 2477 Isocrates
713 2426 898 2495 speraverat,
926 2417 1011 2476 cuius
1038 2419 1174 2476 animum
1197 2416 1328 2494 probum
1353 2425 1386 2475 et
1406 2417 1520 2475 oratio·

221 2547 293 2587 nem
316 2528 463 2588 tumidam
486 2528 614 2587 callidus
636 2529 686 2585 ille
710 2546 763 2586 rex
787 2529 852 2586 sine
878 2526 972 2586 dubio
994 2527 1155 2586 inridebat.
1198 2526 1426 2586 Laudatiouum
1449 2546 1520 2586 vero

221 2640 269 2696 vel
300 2639 429 2696 vitarum
462 2639 570 2696 aetatis
597 2637 819 2697 Macedonicae
850 2655 918 2695 cum
946 2639 1027 2695 nulla
1053 2645 1197 2712 servetur,
1230 2636 1388 2695 historiam
1423 2637 1521 2713 ipsam
1553 2657 1554 2660 ¹

221 2767 331 2826 magna
352 2767 390 2806 ex
413 2757 500 2824 parte
523 2749 651 2807 vitarum
674 2749 898 2824 descriptiones
921 2747 1106 2806 continuisse
1135 2748 1227 2806 etiam
1248 2765 1332 2805 nunc
1353 2764 1516 2822 possumus

220 2859 337 2920 robare.
380 2858 447 2917 Iam
469 2830 608 2934 Ephorus
630 2858 855 2933 Xenophontis
879 2831 919 2916 ut.
934 2859 1062 2934 videtur,
1098 2858 1272 2933 exemplum
1306 2864 1428 2946 secutus
1459 2857 1518 2916 sin·

219 2968 360 3044 gulorum
381 2971 513 3028 virorum
539 2972 678 3029 encomia
699 2970 865 3029 narrationi
892 2971 1081 3046 interposuit.
1126 2970 1217 3045 Apud
1239 2968 1413 3027 Diodorum
1436 2969 1518 3026 enim

220 3079 303 3137 libris
327 3079 482 3154 ill—XV,
505 3098 582 3157 quos
605 3081 680 3138 alias
705 3098 828 3158 quoque
856 3081 896 3138 ob
922 3098 1029 3138 causas
1052 3079 1105 3136 viri
1124 3079 1211 3136 docti
1232 3077 1357 3154 Ephoro
1380 3079 1516 3137 vindica·

223 3196 342 3264 verunt,
364 3188 558 3247 laudationes
581 3189 748 3248 nonnullae
762 3190 811 3248 vel
826 3183 1085 3266 vituperationes1
1108 3195 1244 3257 exstant;
1266 3205 1320 3246 eas
1335 3205 1397 3246 non
1413 3187 1520 3246 aDio·

220 3297 298 3355 doro
321 3298 442 3356 additas
466 3316 534 3357 esse
557 3298 604 3356 vel
626 3299 700 3356 inde
722 3300 862 3375 adparet,
887 3299 972 3373 quod
994 3290 1139 3378 (XV88)
1161 3292 1365 3372 verbanno(
1388 3293 1424 3358 δὲ
1448 3292 1518 3358 είω-

219 3401 311 3468 θότεε
333 3406 402 3467 ταῑε
424 3409 489 3468 τῶν
512 3403 640 3483 ἀνδρῶν
661 3407 823 3469 τελευταῖς
846 3403 904 3468 τὸν
924 3402 1008 3469 ἴδιον
1034 3403 1168 3468 ἔπαινον
1191 3402 1349 3480 ἐπιλέγειν
1371 3425 1410 3465 ex
1432 3405 1517 3464 fonte

220 3514 312 3572 stulte
327 3510 565 3590 transscripsit2:
587 3515 729 3590 leguntur
749 3516 830 3574 enirn
852 3515 993 3573 encomia
1013 3515 1064 3572 illa
1085 3514 1207 3572 nonnisi
1229 3513 1274 3573 his
1296 3515 1388 3574 libris.
1419 3515 1517 3572 Acce·

220 3624 266 3682 dit
289 3625 374 3700 quod
399 3642 462 3682 non
491 3625 590 3682 solum
617 3626 711 3683 dictio
738 3634 770 3683 et
793 3626 966 3698 sententiae
986 3624 1155 3682 isocratem
1176 3624 1208 3681 in
1230 3624 1407 3682 memoriam
1429 3641 1517 3682 revo-

217 3743 288 3792 cant
303 3729 323 3804 ³,
346 3735 402 3792 sed
425 3735 516 3792 etiam
538 3733 681 3809 Polybius
703 3731 778 3811 (XII
793 3735 847 3810 27)
869 3730 1102 3811 nonexplicat*
1124 3735 1190 3793 illas
1214 3741 1245 3792 et
1269 3728 1386 3806 λόγου(
1409 3729 1517 3809 ἐπιμε-

316 4030 327 4069 ¹
345 4035 389 4086 XI
409 4035 451 4090 11.
469 4033 513 4090 46.
533 4035 568 4090 58
578 4052 616 4103 sq.
636 4036 693 4088 XV
710 4035 753 4090 39.
773 4035 815 4090 81.
835 4034 877 4090 88.
910 4038 1069 4101 Fragmento
1088 4036 1150 4088 libri
1169 4037 1268 4086 decimi
1290 4037 1340 4101 (IV
1357 4033 1392 4088 58
1410 4033 1515 4098 Wess.)

216 4129 260 4184 ότι
278 4135 337 4186 τῶν
356 4131 576 4199 προγεγονότων
595 4133 708 4200 ἀνδρῶν
726 4133 744 4198 ἡ
763 4135 822 4186 τῶν
842 4131 910 4199 βίων
929 4133 1080 4201 ἀναγραφὴ
1101 4171 1216 4186 .....
1234 4132 1302 4185 τοὺτ
1321 4132 1371 4197 μὲν
1390 4129 1513 4196 ἀγαθοὺς

217 4234 320 4298 socrui,
348 4231 416 4283 τοὺς
439 4230 470 4282 δὲ
494 4230 637 4296 πονηροὺς
663 4234 791 4283 ταπεινοί
814 4227 860 4282 διὰ
882 4234 942 4283 τῶν
966 4227 1077 4282 οἰκείων
1102 4229 1227 4282 ἑκάετοιε
1249 4225 1398 4294 ἐγκωμίων
1416 4242 1448 4280 τε
1468 4227 1514 4279 καί

216 4322 316 4390 ψόγων
333 4327 458 4393 Ephorus
478 4327 602 4378 encomio
622 4328 701 4378 alicui
719 4328 851 4394 praefatus
869 4328 970 4377 videtur
987 4342 1055 4379 esse.

315 4417 327 4456 ²
345 4424 415 4474 idem
433 4423 531 4474 iactum
552 4430 591 4474 est
607 4423 651 4473 XI
667 4422 711 4476 46.

316 4513 328 4552 ³
345 4519 389 4568 XI
409 4520 441 4572 11
463 4521 633 4585 καὶμᾶλλον
653 4519 765 4574 εἵλοντο
787 4521 922 4574 τελευτᾶν
945 4521 1038 4573 καλῶς
1060 4517 1078 4585 ἢ
1103 4520 1155 4584 ζῆν
1174 4517 1291 4585 αίεχρῶ(
1310 4519 1343 4571 cf.
1362 4518 1444 4571 Isocr.
1464 4531 1511 4584 πρ.

218 4610 276 4668 Νικ.
294 4613 337 4668 36.
377 4619 477 4681 Paneg.
498 4617 540 4671 95.
579 4618 649 4672 Phil.
669 4617 712 4671 47.
750 4619 857 4669 Helena
875 4617 918 4671 53.

321 4708 334 4747 ⁴
352 4713 428 4764 notio
446 4714 520 4764 vocis
541 4716 698 4782 perspicitur
716 4732 747 4766 ex
765 4715 862 4780 Polyb.
882 4714 970 4766 XXII
989 4715 1030 4767 16.
1061 4714 1146 4766 Diod.
1164 4713 1207 4763 XI
1226 4710 1269 4768 59.
