3588 5312
766 421 943 478 ..43-

208 604 333 656 secutus
356 603 404 655 est
415 591 435 656 ¹.
477 595 520 655 Hi
544 613 652 656 omues
684 595 756 656 licet
788 595 885 656 multa
915 594 1108 670 mutaverint,
1140 603 1245 657 temen
1276 597 1309 656 in
1330 597 1502 657 universum

209 706 396 775 Graecorum
418 713 586 782 praecepta
600 705 743 764 viden'tur
757 706 977 765 observavisse.
1013 705 1130 764 Scimus
1151 706 1234 764 enim
1256 706 1348 765 etiam
1364 706 1502 766 Graecos

209 815 416 875 Romanorum
444 816 639 875 laudationes
668 816 825 893 scripsisse
860 816 952 874 veluti
974 815 1103 882 Potamo
1137 824 1169 875 et
1189 815 1274 875 Bruti
1302 824 1334 875 et
1356 815 1498 878 Caesaris

208 926 371 986 encomion
393 927 568 1004 composuit
578 922 600 986 ².

306 1036 415 1112 Neque
437 1053 508 1096 vero
530 1036 618 1094 huius
640 1036 698 1095 loci
720 1044 768 1095 est
789 1036 925 1095 omnium
940 1036 991 1114 qui
1011 1055 1067 1114 per
1088 1043 1187 1097 totam
1209 1035 1425 1113 antiquitatem
1446 1035 1503 1094 im·

209 1152 385 1222 peratorum
406 1145 453 1202 vel
474 1146 586 1203 ducum
608 1143 684 1202 vitas
708 1145 896 1227 scripserunt
920 1141 1012 1204 libros
1033 1153 1232 1222 pertractare.
1276 1138 1415 1205 Conatus
1437 1161 1504 1204 sum

210 1256 423 1314 demonstrare
445 1255 542 1314 totam
562 1254 643 1314 hanc
667 1254 738 1313 artis
759 1254 978 1331 biographicae
997 1265 1115 1331 partem
1133 1256 1206 1314 inde
1225 1256 1265 1314 ab
1276 1255 1411 1315 Isocrate
1426 1255 1504 1314 eius·

209 1383 269 1442 que
292 1365 448 1441 discipulis
466 1366 497 1424 iu
519 1366 674 1424 rhetorum
695 1364 826 1424 maxime
847 1364 959 1424 scholis
973 1365 1111 1425 floruisse
1125 1383 1227 1442 neque
1241 1382 1388 1441 umquam
1402 1363 1503 1423 rheto-

210 1494 275 1534 rum
297 1455 463 1552 praecepta
483 1475 647 1551 repudiare
668 1475 816 1552 potuisse.
852 1473 974 1548 Quodsi
989 1475 1141 1554 Polybius,
1162 1476 1369 1553 pragmaticus
1390 1475 1439 1534 ille
1460 1473 1506 1533 hi-

211 1586 346 1662 ston'cus,
363 1584 607 1662 Philopoemenis
623 1585 716 1644 vitam
731 1581 985 1659 ἐγκωμιαετικῶ(
1003 1587 1185 1664 composuit,
1204 1617 1245 1629 -
1260 1603 1374 1664 genere
1388 1587 1504 1645 educa·

212 1695 295 1754 tione
318 1695 453 1753 moribus
484 1695 595 1771 largius
623 1695 779 1776 expositis,
809 1695 897 1754 rebus
919 1697 1015 1772 gestis
1037 1696 1210 1754 summatim
1234 1712 1336 1772 neque
1359 1694 1424 1752 sine
1444 1712 1506 1753 am·

211 1803 397 1881 plificatione
418 1804 551 1864 laudatis
566 1803 684 1882 (Polyb.
700 1804 732 1864 X
745 1801 798 1882 21)
811 1836 852 1847 -
866 1804 951 1866 haud
972 1803 1095 1864 difficile
1118 1814 1165 1866 est
1186 1805 1228 1863 ad
1249 1804 1505 1882 perspiciendum,

212 1932 274 1992 quo
301 1915 396 1973 modo
424 1913 563 1974 rhetores
585 1915 643 1992 ipsi
673 1915 746 1975 talia
775 1917 977 1977 tractaverint.
1021 1915 1145 1975 Summa
1167 1914 1258 1990 igitur
1279 1914 1371 1973 laude
1394 1913 1506 1989 dignus

212 2032 259 2082 est
282 2023 459 2083 Plutarchus
482 2025 595 2102 quippe
618 2025 679 2101 qui,
714 2025 784 2084 licet
805 2025 870 2102 ipse
893 2025 1012 2085 fabellis
1034 2022 1187 2084 abstinere
1208 2041 1272 2084 non
1292 2024 1437 2101 potuerit,
1460 2029 1508 2081 ta·

212 2153 284 2192 men
303 2134 401 2211 probo
424 2135 526 2194 animo
548 2136 709 2195 multorum
733 2144 832 2195 errata
854 2143 887 2193 et
907 2136 1071 2195 maledicta
1085 2134 1219 2194 refutare
1243 2133 1408 2209 multisque
1431 2131 1506 2192 locis

213 2246 396 2322 optimorum
419 2245 600 2321 scriptorum
626 2244 825 2305 auctoritates
847 2245 1009 2304 restituere
1032 2252 1160 2303 conatus
1181 2244 1229 2305 sit.

311 2490 323 2530 ¹
340 2511 364 2546 r.
383 2495 493 2546 Schiier
510 2490 669 2561 Quellenk.²
686 2510 712 2562 p.
726 2493 769 2548 77.

312 2586 325 2628 ²
342 2591 437 2644 Suidas
455 2609 476 2644 s.
493 2607 518 2645 v.
