3588 5312
839 366 999 421 ..6-

272 543 368 617 gloria
386 543 494 601 florere
516 545 692 614 coeperunt,
717 538 749 596 in
771 539 916 598 invidiam
938 539 1044 616 populi
1064 540 1260 600 incurrerent.
1305 539 1411 599 Taceo
1435 542 1476 598 de
1498 540 1564 598 Mil-

271 653 354 709 tiade
371 651 578 710 Themistocle
598 647 737 717 Cimone,
764 665 842 725 quos
864 650 982 708 exsules
1009 667 1073 707 non
1096 649 1263 708 celebratos
1286 666 1354 708 esse
1376 667 1466 708 nemo
1488 667 1564 708 sane

270 762 433 822 mirabitur.
476 758 675 818 Memorabile
697 775 769 815 vero
801 766 848 815 est
874 775 966 834 quam
995 767 1085 816 caute
1108 777 1214 816 eorum
1237 776 1361 835 quoque
1383 759 1479 834 gloria
1501 760 1565 818 lau·

272 873 346 929 data
369 863 417 941 sit,
440 871 492 947 qui
513 869 639 926 heroum
663 867 726 926 fere
747 867 914 925 honoribus
938 865 1124 929 fruebantur.

370 979 428 1039 Vel
446 979 595 1037 Pindarus
608 996 671 1035 non
688 985 750 1035 tam
766 975 836 1034 eum
851 969 976 1035 laudare
991 967 1078 1052 solet,
1095 979 1147 1053 qui
1168 979 1262 1036 modo
1285 977 1455 1055 praemium
1471 979 1565 1037 victo·

271 1090 334 1148 riae
361 1097 578 1164 reportaverat,
607 1089 664 1146 sed
693 1087 802 1144 heroes
829 1079 962 1144 civitatis
992 1096 1084 1162 atque
1106 1089 1247 1156 maiores,
1277 1088 1329 1163 qui
1362 1087 1467 1145 similia
1495 1089 1564 1146 olim

271 1201 459 1276 praestitisse
481 1200 669 1258 dicebantur.
713 1197 783 1254 Hoc
805 1198 900 1254 modo
922 1198 1049 1255 deorum
1072 1206 1102 1255 et
1124 1197 1235 1255 civium
1257 1198 1371 1257 invidia
1385 1198 1564 1276 evitabatur,

272 1328 341 1367 cum
363 1309 435 1368 satis
458 1317 539 1368 esset
561 1309 659 1366 laudis
681 1307 787 1365 victori
801 1307 949 1365 maiorum
964 1307 1061 1380 gloria
1074 1324 1139 1364 non
1153 1309 1314 1382 indignum
1330 1325 1363 1365 se
1378 1308 1566 1382 praebuisse.

272 1417 381 1495 Neque
403 1437 476 1477 casu
499 1417 611 1476 factum
633 1424 690 1491 est,
720 1417 805 1492 quod
833 1408 978 1491 quattuor
999 1416 1050 1473 illa
1075 1415 1244 1490 fragmenta
1267 1435 1305 1474 ex
1326 1416 1450 1476 Pindari
1472 1435 1567 1476 enco-

272 1530 339 1586 miis
360 1529 449 1587 nobis
474 1535 594 1586 servata
615 1543 678 1584 non
696 1527 777 1583 cives
800 1525 893 1583 libera
915 1525 1037 1582 civitate
1063 1533 1153 1582 natos
1181 1526 1238 1584 sed
1258 1533 1402 1601 tyrannos
1423 1527 1564 1584 laudibus

273 1632 428 1698 efferuntl.
473 1636 566 1694 Simili
586 1635 680 1693 modo
700 1633 924 1711 epitaphiorum
944 1617 1047 1710 partes
1062 1634 1193 1692 maiores
1213 1642 1378 1693 nouerant
1394 1636 1434 1692 de
1450 1635 1564 1693 civibus

272 1749 367 1804 modo
389 1745 525 1815 mortuis,
554 1746 610 1803 sed
638 1744 678 1802 de
705 1743 854 1801 maiorum
878 1743 987 1801 virtute
1009 1742 1199 1820 civitatisque
1220 1745 1337 1819 legibus
1361 1753 1392 1801 et
1413 1745 1565 1818 institutis,

273 1856 381 1932 quibus
405 1855 458 1912 viri
480 1862 566 1913 tanta
587 1851 765 1911 fortitudine
785 1859 878 1926 atque
900 1851 1001 1927 legum
1025 1852 1223 1911 oboedientia
1249 1849 1445 1914 exstitissent.

373 1965 400 2023 E
423 1982 454 2022 re
477 1972 525 2022 est
545 1965 725 2039 scriptorum
746 1963 786 2018 de
808 1961 878 2018 viris
900 1960 1076 2020 inlustribus
1098 1962 1249 2021 silentium
1273 1981 1342 2021 cum
1357 1972 1423 2021 arte
1438 1963 1568 2038 plastica

275 2076 413 2140 eiusdem
445 2074 558 2134 saeculi
586 2067 751 2131 conferret.
800 2071 911 2130 Graeci
944 2071 1144 2148 antiquissimi
1174 2080 1291 2132 statuas
1322 2091 1384 2130 non
1412 2073 1471 2131 nisi
1500 2073 1567 2130 deis

277 2191 455 2259 posuerunt.
499 2182 603 2240 Altera
624 2188 711 2257 parte
732 2180 846 2238 saeculi
868 2180 949 2240 sexti
968 2180 1151 2239 athletarum
1172 2182 1332 2240 simulacra
1358 2181 1427 2260 fingi
1457 2190 1568 2260 coepta

277 2300 358 2353 sunt.
402 2290 465 2349 Sed
487 2292 537 2350 illa
559 2308 680 2367 quoque
701 2309 764 2349 non
784 2299 847 2347 tam
869 2308 908 2348 ex
921 2291 1055 2348 .victoris
1076 2290 1169 2367 ipsius
1191 2291 1386 2352 similitudine
1408 2300 1496 2350 erant
1517 2312 1568 2351 ex·

277 2418 382 2477 pressa
404 2418 496 2478 quam
519 2409 601 2460 statu
625 2399 775 2476 certisque
797 2400 887 2457 rebus
911 2400 1070 2459 adtributis
1091 2401 1246 2477 propriam
1265 2401 1386 2459 artificis
1405 2410 1500 2460 artem
1523 2403 1569 2462 in·

279 2511 434 2570 dicabant.
479 2511 586 2569 Aenea
609 2517 720 2578 statua,
751 2527 831 2586 quae
855 2509 1021 2584 antiquitus
1047 2509 1190 2568 heroibus
1218 2511 1311 2569 veluti
1337 2511 1508 2570 Harmodio
1537 2521 1569 2571 et

277 2620 479 2696 Aristogitoni
504 2621 685 2697 ponebatur,
720 2617 807 2678 Cono
833 2619 947 2695 primus
973 2618 1140 2678 honoratus
1175 2628 1222 2678 est
1252 2614 1425 2700 (Demosth.
1448 2621 1569 2699 Leptin.

277 2723 383 2806 ΜΟ),
419 2728 544 2801 Quanto
569 2745 641 2786 vero
662 2727 808 2804 temporis
828 2728 927 2802 spatio
948 2727 1077 2786 artifices
1099 2728 1157 2804 ipsi
1179 2729 1226 2787 usi
1244 2730 1305 2787 sint
1323 2729 1498 2806 priusquam
1519 2749 1570 2788 ve·

275 2857 325 2897 ras
355 2839 512 2897 hominum
546 2839 693 2914 imagines
719 2837 829 2914 pulcris
855 2839 988 2896 solerent
1013 2838 1175 2908 anteferre,
1199 2837 1286 2896 Plinii
1307 2839 1392 2898 locus
1414 2842 1507 2899 docet
1529 2843 1570 2899 de

276 2949 457 3023 Lysistrato,
477 2948 603 3024 Lysippi
621 2949 714 3007 fratre
736 2941 869 3024 (XXXV
885 2943 971 3022 153):
991 2939 1137 3006 ‘hominis
1162 2955 1265 3006 autem
1287 2949 1450 3025 imaginem
1471 2968 1570 3027 gypso

276 3076 294 3116 e
316 3058 395 3115 facie
417 3058 484 3132 ipsa
506 3058 618 3134 primus
642 3058 779 3115 omnium
802 3057 950 3131 expressit
972 3073 1101 3132 ceraque
1123 3057 1154 3114 in
1176 3075 1244 3115 eam
1267 3057 1395 3116 formam
1415 3060 1504 3134 gypsi
1523 3059 1570 3117 in·

278 3166 346 3224 fusa
376 3167 543 3232 emendare
571 3167 701 3224 instituit
723 3165 971 3241 Lysistratus...
988 3165 1057 3224 .hic
1082 3174 1115 3224 et
1141 3166 1352 3225 similitudines
1373 3169 1504 3227 reddere
1526 3169 1571 3227 in·

277 3275 390 3349 stituit;
426 3283 498 3333 ante
527 3292 597 3333 eum
619 3293 710 3350 quam
732 3275 948 3352 pulcherrimas
971 3274 1070 3333 facere
1093 3261 1257 3334 solebant'.
1301 3276 1349 3334 Eo
1370 3287 1474 3336 autem
1496 3286 1572 3336 tem·

278 3402 364 3461 pore,
388 3402 449 3460 quo
472 3385 503 3443 in
522 3386 635 3443 museis
658 3393 689 3444 et
710 3384 901 3443 bibliothecis
923 3391 1084 3461 poetarum
1098 3384 1409 3462 philosophorumque
1423 3389 1571 3463 imagines

276 3494 468 3570 colligebant,
485 3495 596 3552 multos
617 3494 709 3553 fuisse
723 3493 852 3552 artifices
871 3494 922 3569 qui
943 3493 1091 3568 imagines
1112 3495 1154 3552 ad
1175 3495 1335 3554 veritatem
1358 3498 1572 3572 exprimerent,

276 3622 332 3680 per
356 3622 390 3662 se
413 3613 459 3662 est
479 3602 644 3679 probabile.
688 3601 804 3675 Quinto
826 3603 918 3677 igitur
939 3603 1060 3662 saeculo
1082 3602 1182 3661 honor
1202 3611 1370 3663 statuarum
1391 3606 1572 3681 hymnorum

278 3714 489 3772 encomiorum
504 3713 624 3771 nonnisi
639 3711 706 3770 deis
722 3719 755 3770 et
769 3711 815 3768 dis
830 3711 969 3770 manibus
984 3711 1173 3771 tribuebatur
1195 3712 1299 3788 eisque
1321 3715 1373 3790 qui
1394 3716 1459 3792 pari
1480 3723 1572 3792 atque

279 3822 320 3879 illi
339 3822 519 3880 fruebantur
533 3820 658 3882 honore.
682 3819 806 3878 Phidias
822 3827 924 3879 autem
940 3837 1008 3878 cum
1020 3819 1140 3878 Periclis
1156 3829 1188 3879 et
1202 3838 1289 3879 suam
1302 3823 1396 3899 ipsius
1408 3825 1571 3899 imaginem

269 3933 309 3988 iu
324 3931 481 3990 Minervae
498 3931 596 4007 clipeo
612 3930 828 4005 exsculpsisset
848 3946 907 3986 nec
926 3947 988 3986 non
1002 3929 1170 3989 Pausanias
1186 3949 1255 3989 cum
1270 3942 1340 4007 post
1360 3949 1495 4007 pugnam
1507 3931 1573 3991 Pla·

281 4051 441 4100 taeensem
462 4040 595 4116 Apollini
624 4039 745 4116 tripoda
767 4057 823 4097 suo
845 4040 969 4097 nomine
990 4039 1205 4118 dedicavisset,
1231 4041 1368 4098 meritam
1395 4041 1506 4098 civium
1526 4041 1572 4098 in-

279 4150 491 4226 dignationem
512 4158 680 4210 moverunt.

315 4333 321 4345 ⁸
380 4258 444 4318 Sed
465 4257 536 4318 belli
557 4256 809 4332 Peloponnesiaci
838 4257 900 4315 fere
922 4257 1108 4333 temporibus
1131 4257 1277 4333 singulari
1297 4260 1430 4335 quadam
1453 4259 1572 4317 ratione

280 4417 473 4426 ——-——

379 4502 390 4541 ¹
408 4501 513 4568 Bergk⁴
531 4506 563 4558 ir.
584 4505 635 4558 118
650 4522 708 4572 sqq.

378 4598 443 4654 ²ci.
458 4602 613 4655 Wilamow.
631 4603 725 4666 Antig.
744 4602 843 4670 Caryst.
863 4602 914 4656 146
928 4619 985 4670 sqq.
1023 4603 1137 4654 Mueller
1159 4599 1307 4657 archistei.⁸
1325 4621 1351 4672 p.
1370 4603 1405 4658 66
1419 4621 1457 4672 sq.
1482 4607 1572 4656 Brunn

276 4699 338 4752 hist.
358 4700 425 4753 artis.
444 4700 521 4754 Gr.1
540 4698 575 4753 69
589 4716 628 4767 sq.
