3588 5312
790 383 962 438 „10-

232 555 436 632 deposcerent
451 557 563 615 bellum
578 557 610 613 in
625 575 680 614 eos
695 559 867 632 suscepisse
882 559 1035 635 gloriatur,
1058 560 1089 618 in
1102 560 1327 619 Panathenaico
1345 559 1418 637 (168
1429 555 1520 641 sqq),

232 681 302 723 curn
325 664 467 724 Thebani
491 685 510 724 a
532 665 661 742 Philippi
683 668 818 742 partibus
840 677 963 738 starent,
986 687 1041 744 per
1060 669 1180 745 legatos
1203 687 1256 728 eos
1279 671 1361 729 idem
1383 672 1522 729 effecisse

232 774 391 831 contendit
406 771 426 834 1.
471 773 568 832 Vides
592 783 739 848 quantum
761 775 897 833 laudatio
921 777 1001 834 absit
1020 777 1059 834 ab
1081 778 1223 837 historiae
1245 779 1314 840 fide.
1352 780 1546 854 Praecepta

231 882 319 958 igitur
352 883 401 941 illa
435 885 580 941 memoria
612 886 749 942 tenenda
780 894 861 954 sunt,
889 894 921 943 ut
954 888 995 944 de
1028 888 1108 946 libris
1143 889 1207 946 istis
1240 891 1350 950 iustum
1376 889 1522 947 faciamus

229 993 382 1054 iudicium.

329 1103 394 1160 lam
414 1104 446 1160 in
461 1104 622 1180 Euagorae
637 1107 845 1164 laudationem
861 1108 904 1164 sic
926 1109 1119 1183 inquiramus
1141 1118 1175 1167 ut
1191 1105 1322 1184 singulas
1338 1108 1402 1164 eius
1417 1116 1519 1183 partes

230 1211 384 1268 rhetorum
407 1213 586 1272 testimoniis
615 1215 744 1272 conlatis
767 1224 908 1274 notemus
931 1224 962 1273 et
987 1219 1126 1292 graviora
1147 1218 1303 1276 nonnulla·
1323 1217 1521 1293 singularibus

231 1322 327 1378 verbis
351 1322 543 1397 explicemus·

331 1430 525 1488 Praefatione
547 1432 713 1506 praemissa
735 1432 871 1490 laudatio
894 1433 961 1507 ipsa
981 1433 1085 1509 incipit
1109 1435 1198 1492 solito
1222 1434 1376 1494 rhetorum
1397 1429 1524 1492 m0d02

231 1557 249 1596 a
272 1539 500 1598 difficultatibus
521 1558 600 1615 quae
623 1560 733 1600 causae
752 1543 956 1617 perficiendae
979 1544 1104 1601 obstent
1126 1537 1265 1623 (ts-41).
1318 1545 1398 1603 Tum
1423 1545 1522 1619 primo

231 1649 300 1706 loco
324 1658 470 1707 tractatur
492 1646 635 1723 εὐγένεια
648 1647 669 1723 ³,
693 1652 741 1709 cui
765 1653 968 1709 adnectuntur
988 1654 1128 1730 prodigia
1138 1651 1160 1714 4.
1198 1654 1277 1711 Puer
1301 1654 1433 1728 adquirit
1456 1671 1521 1711 cor-

230 1759 311 1833 poris
334 1760 458 1816 virtutes
486 1768 517 1816 et
551 1757 766 1835 εωφροεύνην,
796 1760 838 1817 vir
864 1756 1015 1836 ἀνδρείαν
1043 1758 1159 1837 εοφίαν
1192 1758 1395 1835 δικαιοεύνην
1421 1759 1523 1836 (2315.

231 1867 352 1927 Deinde
373 1886 472 1927 rerum
494 1879 649 1946 gestarum
664 1872 801 1927 ordinem
825 1871 959 1928 laudatio
983 1873 1127 1946 sequitur.
1162 1872 1278 1930 Notatu
1302 1889 1373 1928 vero
1397 1871 1522 1946 dignum

232 1986 279 2036 est
301 1980 394 2037 etiam
421 1974 576 2054 εύγκριειν
605 1978 731 2035 inveniri
761 1973 815 2054 (33
838 1974 930 2054 sqq.);
964 1979 1042 2035 haec
1062 1979 1142 2036 enim
1176 1978 1415 2054 amplificationis
1446 1979 1522 2035 ratio

232 2087 441 2146 arhetoribus
463 2082 655 2163 praecepta6
687 2087 777 2144 etiam
805 2105 824 2144 a
846 2086 1054 2161 Xenophonte
1076 2089 1107 2144 in
1127 2088 1270 2162 Agesilao
1300 2081 1382 2165 (cap.
1406 2087 1437 2164 9)
1470 2089 1525 2147 ad·
1616 2089 1621 2101 '

231 2197 358 2256 hibetur.
397 2197 500 2254 Unum
521 2205 684 2272 praeterea
707 2198 794 2255 velim
817 2197 976 2271 corrigere,
1000 2198 1085 2270 quod
1107 2197 1240 2255 Blassius
1261 2205 1291 2255 et
1313 2196 1523 2258 Volkmannus

233 2307 309 2365 falso
343 2307 415 2364 mihi
443 2307 583 2363 videntur
618 2305 826 2364 contendisse.
870 2305 947 2363 Inde
970 2325 989 2364 a
1010 2307 1203 2381 paragrapho
1226 2309 1264 2366 65
1288 2307 1448 2382 Euagorae
1477 2327 1524 2366 res

232 2424 340 2491 gestae
362 2423 394 2472 et
417 2415 539 2472 virtutes
563 2415 736 2472 summatim
760 2413 939 2473 referuntur.
983 2414 1053 2472 Hoc
1081 2433 1205 2492 quoque
1229 2435 1267 2472 ex
1290 2416 1444 2474 rhetorum
1467 2436 1523 2476 usu

331 2769 426 2821 1haec
450 2787 528 2822 causa
554 2777 649 2838 postea
672 2773 700 2822 in
723 2772 856 2822 rhetorum
888 2773 985 2823 scholis
1010 2773 1204 2824 declamabatur
1229 2775 1261 2826 cf.
1285 2776 1428 2842 Nicephor.
1451 2794 1525 2844 prog.

230 2871 245 2920 I
263 2867 317 2921 494
333 2871 379 2923 W.

331 2963 343 3002 2
359 2967 411 3017 hoc
429 2974 615 3032 praeceperunt
627 2984 649 3018 e.
663 2983 701 3030 gr.
715 2968 868 3018 Comificius
887 2969 928 3018 HI
946 2969 970 3021 6.
1002 2968 1145 3018 Menander
1162 2985 1191 3022 π.
1214 2970 1344 3023 ὲπιδεικτ.
1357 2973 1400 3020 ΙΠ
1412 2970 1464 3024 368
1477 2971 1524 3039 Sp.

234 3063 353 3128 exempla
378 3070 439 3114 sunt
459 3065 538 3116 lsocr.
562 3066 661 3127 Paneg.
685 3063 727 3116 74.
764 3064 1049 3118 Panathen.36.137.
1076 3066 1144 3117 Plat.
1163 3065 1188 3118 4.
1217 3068 1345 3132 Xenoph.
1364 3071 1447 3131 Ages.
1466 3070 1480 3118 Ι
1500 3067 1525 3120 1.

232 3159 370 3211 Demosth.
390 3161 494 3226 Leptin.
514 3160 556 3218 76,
574 3161 763 3226 epitaphiorum
782 3162 870 3227 initia;
888 3161 957 3211 ludit
975 3162 1044 3211 hunc
1062 3179 1162 3212 morem
1180 3139 1289 3216 Lucian.
1309 3164 1385 3227 Nigr.
1405 3164 1446 3216 10.

332 3253 487 3322 θεύγένεια
512 3265 538 3308 et
561 3257 672 3312 παιδεία
698 3266 758 3308 sunt
780 3257 883 3312 trieres(
911 3276 960 3311 sec.
988 3261 1101 3312 Aristot.
1120 3261 1138 3312 l.
1158 3276 1179 3312 c.
1200 3259 1275 3312 137.
1296 3273 1328 3312 ια.
1365 3261 1398 3311 ci.
1424 3261 1524 3310 Euseb.

231 3370 320 3420 praep.
341 3371 379 3407 ev.
399 3353 499 3407 11354
523 3357 604 3408 Gaisf.
628 3355 741 3420 οὐκοῦν,
766 3355 844 3407 εἶπεν
867 3355 882 3407 ὁ
906 3355 1103 3421 Ἀριετατέληε,
1127 3355 1199 3408 κατὰ
1223 3357 1257 3408 τὸ
1281 3359 1341 3407 τῶν
1365 3357 1525 3422 ῥητορικῶν

233 3449 426 3516 παράγγελμα,
445 3451 526 3513 γένος
546 3451 633 3504 αὐτοῦ
656 3455 771 3518 πρῶτον
790 3450 950 3517 διέλθωμεν,
969 3449 1016 3503 ἵνα
1035 3451 1071 3516 μὴ
1091 3450 1251 3517 ἀπειθῶμεν
1271 3458 1331 3506 ταῖς
1353 3457 1413 3505 τῶν
1439 3453 1526 3518 ἀπαγ·

233 3550 336 3611 γελιῶν
356 3547 536 3601 διδαεκάλοιε.
557 3577 585 3585 -
608 3549 748 3600 Choricius
767 3546 805 3601 cic
823 3547 960 3615 Μαρκιαν.
978 3566 1003 3615 p.
1019 3547 1054 3600 80
1072 3549 1161 3599 Boiss.

332 3639 345 3677 4
363 3644 511 3694 Menander
528 3643 682 3697 1.ε.373.3
702 3643 827 3712 εὐγενείᾳ
847 3645 972 3694 adscribit
989 3642 1110 3710 πατρίδα
1127 3643 1208 3709 γένος
1226 3645 1372 3710 ξύμβολον,
1404 3647 1528 3713 prodigia

233 3747 320 3790 narrat
337 3741 454 3789 Marinus
467 3741 500 3790 -in
517 3741 571 3790 vita
588 3741 676 3791 Proeli
694 3739 720 3792 6.
739 3741 763 3794 7.
784 3740 827 3793 37.

331 3833 484 3902 ⁶quattuor
506 3837 567 3887 illae
586 3837 694 3887 virtutes
717 3837 872 3902 principales
892 3812 1117 3902 quamquam—iam
1143 3855 1158 3888 a
1182 3838 1308 3904 sophistis
1334 3845 1360 3888 et
1383 3857 1399 3888 a
1417 3839 1525 3891 Socrate

234 3934 382 4000 laudantur,
402 3940 494 3983 tamen'
506 3933 582 3983 certis
604 3933 701 3983 finibus
720 3934 824 3983 demum
851 3933 1058 3998 circumscriptae
1081 3941 1140 3984 sunt
1160 3951 1175 3984 a
1192 3936 1305 3986 Socratis
1324 3935 1471 4001 discipulis,
1499 3937 1528 3987 in

233 4031 323 4097 primis
351 4046 365 4079 a
392 4030 503 4079 Platone
530 4030 563 4080 ci.
587 4030 697 4080 Conviv.
727 4029 777 4082 196
801 4029 830 4080 C.
854 4030 945 4081 Alcib.
971 4028 1020 4081 121
1046 4033 1078 4082 E.
1101 4032 1171 4095 legg.
1197 4030 1248 4084 631
1274 4032 1303 4084 C.
1323 4031 1421 4097 (Laert.
1441 4033 1523 4096 Diog.

233 4129 286 4178 VH
306 4126 341 4180 90
353 4143 411 4192 sqq.
451 4126 542 4177 Cicero
561 4127 666 4177 Tuscul.
685 4127 714 4174 II
733 4125 774 4185 13,
794 4125 828 4177 36
847 4127 878 4175 de
899 4126 943 4177 off.
963 4128 976 4175 1
995 4124 1019 4190 5,
1039 4125 1063 4180 2.
1108 4129 1245 4193 Wyttenb.
1270 4128 1304 4178 ad
1328 4128 1398 4180 Plut.
1419 4128 1446 4180 d.
1466 4128 1526 4180 aud.

233 4225 303 4290 poit.
323 4221 393 4288 275).
414 4251 447 4260 -
466 4223 596 4272 Isocrates
615 4222 721 4272 laudern
741 4222 883 4271 secundum
902 4221 950 4271 has
969 4222 1076 4274 virtutes
1097 4223 1232 4273 distribuit
1251 4224 1312 4276 Hel.
1332 4223 1375 4276 31.
1413 4224 1526 4277 Panath.

233 4321 269 4374 30
281 4337 339 4386 sqq.
376 4321 463 4370 Etiam
483 4320 596 4370 strictius
615 4319 735 4368 virtutum
756 4318 877 4369 ordinem
896 4320 1012 4385 sequitur
1030 4321 1146 4370 Marinus
1165 4322 1184 4374 1.
1205 4337 1227 4373 c.

334 4414 485 4468 ⁰Anaxim.
506 4419 548 4469 ed.
568 4413 630 4484 Sp.²
648 4416 690 4470 20.
711 4430 744 4469 15.
793 4416 869 4467 Theo
886 4417 905 4469 l.
924 4434 946 4468 c.
965 4418 993 4466 Π
1013 4417 1071 4470 113.
1091 4431 1111 4470 t.
1156 4415 1280 4470 Menand.
1307 4416 1343 4469 ib.
1363 4417 1405 4466 111
1422 4415 1476 4469 420
1489 4434 1527 4483 sq.

234 4513 372 4579 Aphthon.
392 4515 429 4567 ib.
447 4513 536 4567 1136.
557 4527 590 4566 11.
617 4542 647 4551 -
674 4513 823 4580 ευγκρίεει(
847 4520 941 4579 postea
964 4513 1073 4564 seorsim
1100 4514 1294 4579 tractabantur3
1319 4515 1439 4580 exempla
1467 4521 1529 4564 sunt

236 4612 319 4661 Isocr.
343 4612 440 4675 Paneg.
460 4609 495 4664 73
509 4627 566 4676 sqq.
610 4611 696 4660 Busir.
718 4611 759 4662 19.
796 4609 906 4662 Panath.
930 4608 965 4663 39
979 4625 1037 4675 sqq.
1061 4611 1194 4660 rhetorum
1216 4617 1444 4677 progymnasmata
1465 4611 1528 4662 vide

234 4709 281 4762 W.
300 4705 375 4762 198.
394 4705 454 4761 355.
473 4705 534 4762 358.
554 4707 615 4761 361.
634 4705 695 4762 373.
714 4705 774 4762 375.
794 4706 855 4762 376.
875 4705 935 4762 378.
