3588 5312
819 379 993 436 ..11-

256 559 372 620 lactum
393 575 462 616 esse
484 551 709 616 Anaximenis1
731 566 762 616 et
784 555 963 616 Cornificii⁹
993 557 1085 614 verba
1108 558 1230 616 docent.
1274 556 1384 632 Itaque
1413 557 1476 614 duo
1506 553 1548 612 illi

253 670 307 727 viri
338 668 422 728 docti
452 685 491 724 ex
523 667 664 726 Isocratis
697 667 795 724 verbis
830 663 1012 740 (Panathen.
1035 668 1125 739 266):
1159 662 1280 742 τὸγὰρ
1303 662 1547 741 ἀναμιμνήςκειν
1648 661 1650 666 ’

254 770 323 838 καθ’
345 773 480 838 έκαςτον
503 775 569 837 τῶν
596 770 772 851 εἰρημένων
794 771 833 836 οὐ
854 772 966 850 πρέπει
996 777 1063 836 τοῖς
1085 773 1193 849 λόγοις
1214 776 1283 837 τοῖς
1303 772 1464 838 τοιούτοις
1485 793 1548 832 non

255 888 412 946 debebant
433 885 576 960 colligere
598 885 841 943 enumerationes
866 893 896 943 et
917 885 1116 961 repetitiones
1141 905 1160 944 a
1182 886 1406 945 laudationibus
1434 885 1547 944 alienas

255 1013 333 1056 esse.
376 995 525 1054 Isocrates
557 994 637 1052 enim
669 994 719 1051 illo
742 993 812 1052 loco
835 993 909 1052 scite
939 993 1042 1051 omisit
1070 997 1341 1064 enumerationem,
1363 1012 1403 1052 ne
1426 995 1458 1052 in
1487 993 1548 1051 fine

254 1107 343 1164 istius
376 1105 525 1163 orationis
555 1104 628 1162 satis
648 1104 812 1179 languidae
841 1112 874 1162 et
896 1103 1045 1161 verbosae
1066 1104 1201 1178 legentes
1235 1107 1322 1163 nimis
1355 1077 1548 1177 defatigaret.

256 1215 388 1276 Accedit
410 1214 495 1289 quod
517 1220 550 1271 et
570 1215 637 1289 ipse
659 1214 690 1270 in
712 1213 851 1274 oratione
873 1213 913 1269 de
935 1229 1013 1287 pace
1036 1211 1123 1288 (132)
1150 1232 1212 1272 non
1236 1215 1386 1274 dubitavit
1413 1229 1548 1284 ςυναγα-

253 1321 321 1396 γὼν
342 1320 382 1384 τὰ
405 1319 537 1400 μάλιςτα
558 1317 789 1394 κατεπείγοντα
809 1317 906 1384 πόλιν
928 1318 1117 1384 ἐπανελθεῖν
1139 1332 1170 1380 et
1192 1325 1217 1381 is
1240 1323 1291 1399 qui
1306 1322 1442 1398 Agesilai
1457 1328 1548 1398 caput

255 1435 390 1492 ultimum
419 1433 537 1510 scripsit
558 1428 597 1508 (v.
621 1429 712 1506 infra)
734 1449 772 1490 eo
805 1432 873 1508 ipso
898 1433 1052 1491 rhetomm
1085 1441 1248 1510 praecepto
1278 1440 1450 1492 commotus
1484 1430 1548 1488 lau·

260 1543 415 1600 dationem
439 1543 561 1618 epilogo
583 1542 704 1601 videtur
727 1543 966 1619 amplificavisse.

356 1652 426 1712 Uno
449 1653 542 1710 verbo
575 1660 700 1728 tangam
725 1653 948 1711 similitudinem
980 1653 1060 1711 inter
1089 1652 1263 1730 epitaphios
1292 1659 1322 1710 et
1355 1651 1549 1710 laudationes

258 1762 508 1821 intercedentem.
546 1761 617 1820 Non
632 1763 731 1820 solum
754 1762 852 1822 forma
874 1781 979 1822 eorum
999 1764 1108 1822 eadem
1131 1771 1179 1822 est
1188 1758 1209 1834 Β,
1232 1761 1289 1822 sed
1311 1769 1433 1819 exstant
1456 1761 1550 1817 etiarn

257 1872 427 1931 sententiae
453 1871 618 1930 nonnullae
645 1888 682 1930 ac
709 1872 801 1929 verba
831 1872 908 1930 illius
931 1873 1056 1932 dicendi
1083 1872 1204 1948 generis
1225 1871 1355 1948 propria.
1396 1870 1549 1928 Isocrates

256 1983 287 2040 in
309 1980 495 2057 Panegyrico
517 1981 665 2039 maiorum
686 1982 811 2040 virtutes
831 1981 1010 2040 laudaturus
1031 1983 1097 2058 ipse
1118 1981 1276 2057 profitetur
1298 1977 1327 2053 (5
1345 1980 1411 2052 tn:
1434 1973 1486 2037 καί
1500 1992 1550 2037 τοι

257 2083 287 2165 μ’
309 2085 349 2150 οὐ
371 2085 507 2164 λέληθεν
529 2084 579 2150 ὅτι
601 2086 744 2165 χαλεπόν
766 2086 849 2151 ἐςτιν
870 2085 1007 2151 ὕςτατον
1029 2086 1205 2153 ἐπελθόντα
1227 2087 1331 2162 λέγειν
1357 2085 1431 2164 περὶ
1451 2102 1551 2161 πραγ-

257 2194 364 2274 μάτων
394 2196 492 2261 πάλαι
517 2196 849 2275 προκατειλημμένων,
880 2197 932 2260 καὶ
960 2197 1034 2274 περὶ
1062 2194 1108 2261 ὡν
1139 2195 1169 2260 οἱ
1199 2195 1330 2276 μόλιςτα
1359 2193 1549 2272 δυνηθέντες

255 2307 322 2370 τῶν
343 2308 483 2369 πολιτῶν
508 2304 608 2370 εἰπεῖν
630 2306 682 2369 ἐπὶ
703 2307 769 2370 τοῖς
790 2305 924 2389 δημοςίη
945 2305 1159 2384 θαπτομένοις
1180 2304 1333 2375 πολλάκις
1355 2304 1550 2384 είρήκαςινέ·

256 2437 315 2478 nec
348 2436 420 2476 vero
452 2420 484 2476 in
512 2420 577 2476 aliis
604 2420 792 2476 orationibus
826 2419 936 2476 eadem
967 2436 1090 2478 narrare
1125 2419 1285 2480 dubitavit.
1331 2419 1433 2492 Quam
1467 2429 1550 2478 arcte

260 2537 362 2587 autem
384 2528 485 2586 variae
506 2529 576 2586 illae
591 2528 822 2587 demonstrativi
845 2529 963 2605 generis
987 2530 1105 2605 species
1129 2530 1208 2586 inter
1229 2547 1263 2586 se
1278 2530 1459 2589 coniunctae
1481 2531 1550 2602 sint,

257 2639 335 2696 duas
363 2638 532 2696 sententias
562 2639 680 2697 adferre
702 2638 777 2696 satis
804 2637 905 2696 habeo
932 2634 962 2699 οἳ
989 2636 1046 2713 μὲν
1067 2634 1140 2713 περὶ
1167 2633 1240 2712 μίαν
1265 2633 1359 2699 πόλιν
1390 2632 1443 2713 ἔτη
1473 2635 1551 2699 δέκα

256 2744 433 2822 διέτριψαν,
467 2743 497 2808 οἳ
523 2745 559 2808 δὲ
587 2744 646 2820 τὴν
676 2744 709 2810 ἐξ
732 2742 853 2821 ἁπάςης
882 2750 938 2822 τῆς
968 2739 1064 2808 Ἀςίας
1086 2745 1220 2822 δύναμιν
1252 2744 1287 2809 ἐν
1319 2742 1417 2828 ὀλίγῳ
1445 2743 1551 2828 χρόνῳ

257 2853 550 2932 κατεπολέμηςανῡ,
574 2866 668 2932 atque
684 2851 714 2917 εἴ
727 2853 774 2917 τίς
796 2853 879 2919 ἐςτιν
895 2853 1030 2932 αἴςθηςις
1052 2857 1118 2918 τοῖς
1140 2853 1379 2931 τετελευτηκόςι
1398 2852 1471 2931 περὶ
1486 2856 1552 2919 τῶν

258 2962 374 3028 ἐνθάδε
395 2963 593 3042 γιγνομένων
605 2962 627 3043 ⁶,
651 2985 730 3042 quae
751 2967 861 3025 iisdem
883 2967 945 3025 lere
967 2968 1065 3025 verbis
1085 2981 1249 3044 expressae
1274 2985 1342 3024 curn
1361 2967 1393 3023 in
1409 2965 1552 3023 Isocratis

257 3077 444 3135 orationibus
468 3085 532 3134 tum
554 3077 585 3134 in
607 3076 768 3152 epitaphiis
791 3085 822 3135 et
845 3077 1071 3136 laudationibus
1094 3078 1297 3136 inveniuntur.

357 3186 423 3245 Iam
443 3194 478 3243 ut
499 3187 541 3244 ad
556 3186 731 3262 Euagoram
752 3197 947 3263 revertamur,
974 3195 1186 3262 argumentum
1208 3187 1307 3262 ipsum
1329 3186 1372 3243 ita
1395 3193 1551 3254 tractatur,

257 3305 291 3354 ut
312 3296 388 3356 mira
416 3297 551 3372 quadam
584 3297 738 3372 elegantia
756 3313 863 3354 omnes
896 3297 960 3354 fere
989 3314 1036 3355 res
1068 3297 1225 3372 praeclare
1247 3303 1356 3370 gestae
1387 3295 1429 3352 ad
1451 3312 1551 3352 mores

257 3405 420 3481 Euagorae
442 3405 611 3464 referantur
633 3401 697 3480 (23.
721 3407 769 3466 25.
793 3407 840 3466 29.
856 3407 905 3465 38.
929 3407 978 3464 41.
1003 3407 1042 3464 43
1058 3423 1125 3481 sqq.
1148 3408 1212 3482 51),
1236 3422 1304 3463 cum
1325 3405 1356 3462 in
1379 3405 1552 3462 universum
1662 3389 1667 3396 ’

257 3559 456 3570 ——n—-a-n

357 3648 405 3706 ¹1.
426 3668 447 3704 c.
466 3669 492 3718 p.
511 3651 555 3706 82.

357 3745 428 3798 ²111
447 3749 464 3802 8
482 3731 696 3801 conclusionibus
715 3752 840 3802 brevibus
859 3751 961 3810 utimur,
980 3752 1177 3802 enumeratione
1195 3751 1228 3801 ad
1247 3751 1346 3801 exitum
1361 3765 1463 3802 causae.

358 3840 420 3898 ⁸ef.
440 3846 542 3898 Theon.
560 3862 642 3913 προγ.
660 3848 689 3897 Π
709 3847 759 3901 109
774 3848 818 3914 Sp.
842 3848 988 3898 Menander
1004 3849 1041 3900 ib.
1055 3847 1162 3901 111419
1175 3863 1214 3912 sq.
1242 3848 1319 3898 Plato
1338 3849 1441 3899 Menex.
1461 3845 1513 3900 237
1525 3851 1552 3898 A

260 3938 359 4009 [Dem]
380 3943 444 4008 epit.
465 3942 550 4009 lsqq.

310 4064 312 4070 ·
356 4036 421 4093 ⁴ef.
441 4040 553 4090 Photins
573 4041 632 4093 cod.
652 4039 704 4094 260
728 4041 801 4108 τάχα
823 4041 848 4094 δ’
873 4042 909 4095 ἄν
930 4057 972 4094 τις
994 4041 1081 4095 αὐτὸν
1101 4039 1254 4094 αἰτιόςαιτο
1274 4043 1389 4107 κλοπῆς,
1416 4042 1444 4095 ἐξ
1463 4041 1504 4094 ὠν
1521 4041 1551 4094 ἐν

257 4139 300 4204 τῷ
318 4141 503 4205 πανηγυρικῷ
525 4135 602 4205 λόγῳ
622 4136 710 4190 αὐτοῦ
729 4138 821 4192 πολλὰ
839 4141 898 4191 τῶν
916 4138 988 4191 κατὰ
1006 4140 1074 4201 τοὺς
1092 4137 1258 4202 ἐπιταφίους
1276 4138 1378 4202 λόγους
1397 4136 1551 4204 εἰρημένων

259 4229 376 4301 Ἀρχίνῳ
394 4247 426 4284 τε
445 4235 491 4285 καί
510 4232 669 4302 θουκυόίόη
689 4236 734 4286 καλ
754 4232 838 4302 Λυςίᾳ
858 4234 1022 4300 ὑπεβάλετο.
1051 4233 1110 4289 ἀλλ’
1130 4234 1214 4288 οὐδέν
1232 4234 1334 4288 κωλύει
1352 4250 1376 4287 κ.
1395 4250 1420 4287 τ.
1439 4237 1463 4287 λ.

358 4325 628 4393 ⁵Paneg.83.186.
674 4331 743 4384 Phil.
764 4330 824 4384 112.
870 4332 980 4384 Panath.
999 4331 1042 4385 83.
1088 4309 1172 4396 Euag.
1191 4331 1234 4385 64.
1266 4333 1298 4381 Io
1321 4330 1403 4382 Chius
1423 4346 1464 4396 ap.
1483 4329 1551 4382 Plut.

258 4425 354 4478 Pericl.
373 4423 415 4478 28.
435 4424 536 4495 [Dem]
556 4427 618 4493 epit.
639 4428 676 4481 10
685 4444 725 4493 sq.
761 4429 891 4494 Hyperid.
912 4429 973 4496 epit.
994 4428 1036 4483 12.
1056 4429 1145 4482 Nicol.
1163 4444 1245 4495 προγ.
1264 4429 1279 4478 Ι
1297 4427 1350 4481 340
1364 4428 1411 4480 W.

358 4516 472 4586 ίΕιιαχ.
487 4520 512 4574 2.
536 4522 645 4576 Plataic.
661 4523 704 4576 61.
722 4525 846 4589 Aeginet.
864 4523 908 4578 42.
934 4525 1108 4577 Demosthen.
1127 4527 1202 4591 Lept.
1221 4524 1264 4577 87.
1291 4523 1395 4575 Theod.
1413 4523 1550 4575 Prodrom.

258 4616 365 4683 epithal.
384 4615 438 4686 (ed.
457 4617 600 4670 Castellani
613 4620 744 4671 veneciae
763 4619 844 4687 1888)
863 4620 910 4674 59:
937 4620 962 4674 el
981 4619 1023 4674 τίς
1044 4620 1100 4674 ἐςτι
1118 4621 1164 4674 καί
1182 4624 1244 4673 ταῖς
1263 4623 1366 4685 ψυχαῖς
1387 4623 1449 4672 ταῖς
1467 4617 1551 4677 ἀπελ-

259 4714 370 4769 θοόςαις
386 4718 487 4781 γνωςις
502 4715 507 4782 l
523 4717 568 4770 καὶ
586 4719 646 4770 τῶν
664 4715 820 4784 δρωμένων
839 4715 959 4784 αίςθηςις
977 4717 1021 4771 ἐπί
1038 4721 1090 4771 τοί)
1109 4716 1212 4784 κόςμου
1231 4716 1324 4774 τοῦδε.
