3588 5312
794 333 969 388 ..23-

234 512 327 571 lentio
354 511 612 588 praetermittitur.
655 510 823 588 Postquam
848 510 1003 569 lscholaus
1029 512 1091 568 dux
1117 510 1169 586 qui
1194 529 1258 569 non
1288 513 1356 570 loca
1381 513 1448 570 avia
1474 514 1531 569 sed

235 623 334 680 vicum
357 623 475 680 facilem
497 623 581 679 aditu
603 622 741 678 obtinere
764 629 890 678 conatus
914 630 1005 694 esset,
1028 621 1207 679 interfectus
1230 630 1286 691 est,
1307 621 1448 679 Thebani
1463 621 1531 678 Elei

233 732 371 789 Arcades
395 732 443 788 alii
464 749 560 807 prope
584 733 625 789 ad
641 733 746 788 urbem
768 731 860 789 muris
884 750 946 789 non
968 733 1185 790 circumdatam
1206 729 1274 806 (Ag.
1296 733 1329 791 II
1355 735 1393 790 24
1417 725 1530 806 ἀτείχι-

234 839 450 901 crov=Hell
475 841 517 899 VI
540 843 570 909 5,
593 835 647 917 28)
669 849 865 898 accesserunt
887 850 920 898 et
942 859 1032 916 agros
1055 850 1258 900 vastaverunt.
1291 841 1531 900 Lacedaemonii

234 949 366 1007 Ischolai
399 952 486 1008 clade
512 951 619 1008 moniti
647 969 710 1007 non
737 952 768 1007 in
795 969 936 1025 campum
962 952 1189 1009 descenderunt
1210 953 1267 1008 sed
1289 952 1432 1008 trecentis
1454 951 1529 1008 ado·

234 1059 419 1116 lescentibus
442 1061 473 1115 in
494 1060 607 1118 insidiis
630 1060 788 1118 collocatis
810 1060 915 1117 hostes
939 1068 1157 1134 oppresserunt
1180 1070 1211 1117 et
1231 1069 1265 1117 ut
1280 1061 1318 1118 ab
1341 1062 1414 1118 urbe
1431 1061 1530 1117 disce-

234 1170 344 1226 derent
366 1175 534 1244 coegerunt
556 1163 887 1246 (Hell.V15,31sq.).
931 1169 971 1227 Id
992 1169 1091 1242 ipsum
1113 1170 1143 1224 iu
1157 1169 1300 1242 Agesilao
1323 1187 1447 1244 quoque
1462 1186 1532 1225 nar·

233 1287 326 1346 ratur,
349 1295 532 1353 quamquam
554 1296 592 1334 ex
616 1278 824 1336 laudationum
846 1295 902 1335 usu
928 1280 1029 1334 omnia
1053 1279 1094 1335 ad
1116 1277 1246 1353 Agesilai
1268 1296 1432 1354 personam
1452 1277 1530 1335 refe·

235 1395 348 1448 runtur.
386 1388 631 1463 Epaminondam
653 1397 755 1446 autem
777 1387 919 1462 Spartam
941 1396 1172 1462 oppugnantem
1194 1381 1380 1465 (V115,11)
1403 1387 1530 1462 cavisse,

234 1515 274 1552 ne
301 1499 367 1572 ipse
396 1514 519 1572 quoque
547 1498 663 1554 insidiis
687 1499 890 1573 deciperetur,
924 1515 1015 1553 nemo
1038 1514 1112 1553 sane
1132 1497 1298 1556 mirabitur.
1344 1495 1393 1553 Sic
1416 1495 1531 1552 factum

236 1614 292 1680 est,
316 1615 349 1662 ut
371 1580 412 1663 de
434 1606 483 1662 illo
507 1615 538 1662 et
559 1606 701 1681 Agesilao
727 1607 811 1663 idem
835 1607 961 1681 scriptor
983 1607 1066 1662 idem
1088 1607 1177 1664 nobis
1200 1607 1342 1664 traderet.

332 1715 367 1772 in
390 1717 454 1772 aliis
472 1733 544 1772 vero
569 1717 707 1773 eiusdem
726 1716 907 1791 paragraphi
930 1717 1027 1772 verbis
1049 1711 1130 1789 πρὸ(
1153 1713 1188 1775 δὲ
1207 1711 1333 1775 τούτοις
1357 1709 1531 1790 ἁφεετηκό-

234 1842 300 1886 των
328 1823 385 1900 μὲν
413 1827 477 1886 τῶν
504 1823 641 1900 δούλων,
676 1825 808 1886 πολλῶν
835 1823 872 1886 δὲ
902 1822 1104 1900 περιοικίδων
1137 1820 1265 1886 πόλεων
1292 1823 1532 1898 Xenophontem

237 1936 335 2010 ipsum
357 1935 626 2010 deprehendimus.
671 1935 705 1992 ln
727 1935 852 1997 historia
875 1937 956 1992 enim
979 1936 1100 1994 Graeca
1126 1932 1182 2011 (Vl
1205 1936 1232 2004 5,
1258 1936 1307 1994 25.
1332 1935 1371 1991 28
1391 1928 1470 2010 sqq.)
1498 1940 1532 1989 ut

236 2045 400 2102 nonnullos
427 2043 493 2105 τῶν
519 2041 692 2120 περιοίκων
714 2045 867 2102 defecisse
889 2046 1016 2119 legimus
1041 2047 1083 2102 ita
1110 2047 1149 2102 de
1178 2061 1333 2101 servorum
1356 2042 1531 2100 defectione

235 2154 307 2214 nihil
330 2156 541 2230 comperimus,
585 2154 680 2212 Immo
710 2172 840 2228 magnus
867 2153 1015 2211 Helotum
1046 2172 1190 2211 numerus
1215 2154 1356 2210 libertate
1382 2151 1532 2228 promissa

239 2264 328 2321 armis
350 2265 513 2324 instruitur.
558 2263 620 2321 Sed
648 2265 724 2322 alius
750 2272 852 2322 exstat
883 2265 968 2322 locus
996 2283 1057 2340 quo
1082 2265 1191 2321 eadem
1217 2264 1360 2338 leguntur
1387 2269 1479 2335 atque
1500 2259 1533 2317 in

237 2374 380 2448 Agesilao
404 2368 493 2446 (Heli.
509 2372 564 2431 Vll
584 2375 610 2448 2,
628 2370 678 2445 2):
708 2367 917 2434 ἀποετάντων
942 2370 1000 2447 μὲν
1020 2372 1151 2433 πολλῶν
1168 2362 1354 2446 περιοίκων,
1377 2363 1533 2429 ἀποετάν-

237 2499 302 2542 των
329 2481 365 2542 δὲ
391 2480 523 2543 πάντων
556 2485 622 2542 τῶν
654 2477 810 2542 Ειλώτων.
865 2482 948 2554 Quid
976 2479 1083 2557 igitur?
1126 2482 1285 2539 Erravitne
1312 2479 1466 2554 Xenopho
1493 2497 1533 2536 an

236 2585 331 2649 ‘haec
354 2595 445 2650 verba
463 2612 500 2650 ex
524 2593 668 2667 Agesilao
692 2594 722 2648 in
744 2591 906 2650 Hellenica
927 2579 1271 2666 transmigraveruntl'l
1299 2590 1449 2648 Neutrum
1462 2608 1533 2648 mea

237 2703 390 2760 sententia
419 2702 532 2760 factum
562 2710 617 2760 est.
664 2703 764 2759 Etiam
794 2703 894 2778 priore
915 2702 1145 2759 Hellenicorum
1175 2702 1244 2758 loco
1271 2701 1401 2776 perspici
1428 2708 1533 2776 potest

237 2812 432 2887 plurimorum
461 2829 614 2868 servorum
641 2811 733 2868 fidem
763 2821 938 2887 suspectam
967 2812 1075 2880 fuisse;
1108 2811 1236 2885 legimus
1259 2811 1341 2868 enim
1363 2809 1532 2885 Spartiates

237 2920 400 2978 Helotibus
427 2923 550 2979 armatis
578 2923 724 2992 timuisse,
752 2940 792 2978 ne
814 2921 854 2978 illi
877 2939 999 2998 quoque
1022 2922 1126 2980 hastas
1155 2921 1186 2978 in
1209 2921 1351 2978 dominos
1374 2927 1533 2978 converte·

237 3040 307 3087 rent
328 3027 417 3104 (Hell.
438 3030 482 3088 VI
507 3034 535 3097 5,
558 3029 621 3103 29).
667 3029 830 3089 Praeterea
856 3031 876 3088 ii
904 3032 955 3106 qui
978 3039 1064 3088 extra
1086 3047 1187 3088 muros
1211 3043 1297 3089 erant
1319 3031 1397 3087 servi
1420 3030 1531 3087 sinon

238 3139 279 3195 ad
305 3138 411 3196 hostes
445 3139 624 3195 defecerunt
655 3147 688 3196 at
718 3147 801 3196 certe
825 3139 991 3213 Spartiates
1019 3140 1102 3196 nullo
1128 3140 1223 3196 modo
1252 3139 1442 3198 adiuverunt.
1488 3139 1535 3197 Ea

238 3255 342 3305 autem
367 3249 457 3305 lectio
481 3266 573 3324 quam
594 3249 626 3306 in
648 3249 794 3323 Agesilao
818 3258 850 3306 et
871 3250 1016 3307 historiae
1040 3248 1180 3307 Graecae
1204 3250 1272 3306 loco
1294 3250 1465 3325 posteriore
1489 3251 1534 3306 in·

185 3343 187 3348 ⁸
237 3358 384 3426 venimus,
407 3358 558 3415 rhetorice
580 3367 627 3416 est
648 3367 755 3432 aucta3
784 3361 880 3416 altero
903 3360 984 3415 enim
1006 3359 1075 3416 loco
1097 3359 1266 3433 periculum
1287 3359 1318 3415 in
1341 3376 1403 3434 quo
1426 3359 1535 3434 Agesi-

238 3467 303 3524 laus
327 3467 398 3523 olim
420 3469 596 3525 versabatur
617 3468 825 3543 amplificatur,
857 3468 954 3524 altero
982 3466 1180 3524 Phliasiorum
1207 3467 1284 3524 fides
1311 3467 1363 3542 qui
1389 3467 1420 3523 in
1447 3475 1534 3524 tanto
1602 3463 1604 3470 '

240 3593 338 3633 rerum
361 3577 533 3634 discrimine
555 3594 733 3635 succurrere
755 3594 818 3633 non
840 3577 1055 3633 dubitaverant
1079 3576 1220 3633 laudibus
1243 3575 1373 3636 effertur.

338 3685 447 3743 Paucis
471 3687 605 3761 denique
628 3694 748 3744 ceteros
771 3686 856 3742 locos
882 3685 1045 3759 inquibus
1069 3683 1276 3742 Hartmannus
1305 3685 1417 3760 aliique
1441 3685 1536 3742 offen·

243 3796 365 3863 derunt,
388 3796 583 3871 explicemus.

342 3903 450 3980 Capite
469 3905 550 3961 enim
574 3905 707 3979 septimo
732 3897 765 3980 (ξ
784 3896 815 3980 7)
836 3903 936 3960 verbis
959 3898 977 3962 ὁ
1000 3902 1059 3963 νῦν
1082 3897 1225 3977 βαειλεὺε
1248 3900 1401 3976 ευμμαχεί
1421 3918 1448 3963 κ.
1465 3918 1491 3961 τ.
1508 3901 1536 3962 λ.

243 4024 414 4092 temporum
436 4015 587 4072 rationem
609 4014 751 4070 violatam
774 4030 842 4070 esse
867 4013 983 4088 dicunt,
1013 4014 1099 4087 quod
1121 4010 1281 4069 Persarum
1310 4029 1362 4068 rex
1383 4020 1454 4087 post
1482 4030 1538 4087 pu-

240 4144 334 4200 gnam
357 4125 604 4182 Mantineensem
626 4124 699 4180 nihil
725 4125 786 4181 tale
817 4123 982 4182 admiserit.
1025 4122 1135 4197 Neque
1165 4139 1236 4179 vero
1267 4123 1307 4180 de
1329 4122 1385 4179 illis
1418 4130 1539 4179 tantum

243 4234 431 4310 temporibus
465 4250 523 4289 vox
553 4232 611 4293 νῦν
639 4233 848 4308 intellegenda
870 4241 916 4290 est
939 4233 995 4290 sed
1020 4233 1059 4289 de
1088 4233 1171 4289 omni
1190 4249 1268 4289 aevo
1301 4248 1362 4309 quo
1384 4231 1539 4305 Xenopho

243 4345 370 4416 eiusque
400 4343 545 4416 aequales
568 4343 770 4400 Artaxerxem
795 4343 921 4399 alterum
945 4341 1135 4399 Graecorum
1166 4359 1214 4399 res
1238 4344 1412 4400 turbantem
1434 4349 1465 4398 et
1484 4341 1540 4398 mi·

242 4461 379 4510 scentem
393 4452 544 4512 viderunt.
555 4483 598 4493 —
609 4453 731 4525 Quodsi
748 4470 883 4528 pugnam
898 4453 939 4509 ad
955 4449 1129 4510 Coroneam
1144 4450 1257 4508 factam
1277 4450 1323 4508 his
1341 4450 1439 4508 verbis
1461 4450 1540 4507 cele-

337 4672 348 4713 ¹
366 4677 432 4728 haec
451 4682 491 4726 est
509 4678 615 4741 Hageni
634 4677 768 4729 sententia.
