3588 5312
856 367 1029 424 ..13-

296 549 413 617 quanta
435 540 593 618 diligentia
619 542 762 601 laudator
784 545 881 620 primo
910 555 942 603 et
965 549 1104 604 secundo
1136 549 1238 624 capite
1261 551 1397 626 Agesilai
1427 564 1526 614 errata
1558 566 1590 616 et

293 661 422 727 peccata
444 654 650 721 occultaverit,
674 671 731 709 nec
755 672 816 710 non
836 655 979 712 Isocratis
1004 657 1124 713 adferre
1152 661 1244 716 verba
1268 659 1412 734 (Panath.
1439 662 1507 740 123)
1535 667 1586 726 δεῖ

293 758 329 821 δὲ
351 758 427 821 τοὺς
450 757 688 837 ἐπιχειροῦντα(
712 757 781 821 καθ’
811 759 992 839 ὑπερβολήν
1014 783 1101 825 τινα(
1125 764 1266 828 ἐπαινεῖν
1296 767 1335 843 μὴ
1358 772 1457 832 τοῦτο
1488 771 1587 848 μόνον
1665 810 1668 817 -

293 865 514 944 ἐπιδεικνύναι,
537 868 577 946 μὴ
598 868 761 944 πονηροὺς
785 866 880 931 ὄντα(
903 869 1028 943 αὐτούς,
1052 869 1120 935 ἀλλ’
1145 872 1189 935 uc
1212 873 1346 938 ἀπάιαι(
1369 881 1437 940 ταῖς
1461 877 1588 956 operuit

291 976 343 1039 καὶ
364 978 430 1040 τῶν
452 975 526 1040 τότε
549 977 601 1040 καὶ
622 979 686 1039 τῶν
707 980 767 1040 νῦν
787 977 957 1054 διήνεγκαν
971 978 990 1042 ¹.

390 1089 425 1146 In
466 1090 551 1148 aliud
592 1091 705 1147 crimen
747 1093 876 1166 scriptor
913 1101 1040 1149 vocatur
1076 1093 1121 1150 his
1160 1095 1272 1154 verbis:
1316 1091 1455 1157 ‘ornandi
1493 1120 1587 1161 causa

290 1200 530 1257 narratiunculas
570 1201 655 1275 fingit
694 1200 895 1275 Xenophonti
937 1196 1088 1274 ignotas'..
1126 1201 1183 1261 16
1221 1219 1285 1260 non
1319 1207 1417 1264 solum
1456 1209 1586 1269 classem

290 1311 347 1365 sed
377 1309 468 1367 etiam
502 1311 606 1384 copias
638 1311 798 1385 pedestres
832 1329 849 1366 a
882 1309 1041 1368 Persarum
1077 1331 1149 1387 rege
1188 1315 1287 1388 parari
1316 1318 1480 1388 nuntiatur,
1518 1341 1584 1380 cum

289 1419 320 1475 in
353 1418 478 1476 historia
512 1417 631 1475 Graeca
665 1413 721 1498 (ΙΙΙ
742 1422 771 1493 4,
797 1424 811 1477 1
837 1413 895 1495 sq.)
928 1419 1070 1478 Herodas
1110 1420 1317 1496 Syracusanus
1352 1426 1480 1486 classem
1516 1441 1583 1490 tan·

290 1534 354 1583 tum
399 1527 507 1583 armari
549 1527 641 1586 dicat.
702 1527 774 1584 Mea
810 1529 934 1602 quidem
973 1531 1126 1586 sententia
1161 1531 1304 1589 laudator
1342 1536 1418 1593 duos
1460 1544 1583 1602 nuntios

289 1637 416 1693 diversis
444 1636 630 1712 temporibus
660 1635 780 1692 adlatos
814 1635 873 1692 hoc
907 1637 973 1693 loco
1001 1640 1143 1705 narravit,
1177 1657 1247 1695 nam
1277 1643 1382 1715 copias
1419 1649 1581 1719 pedestres

289 1762 410 1821 quoque
446 1747 488 1802 ad
524 1745 711 1802 Graecorum
748 1745 863 1818 oppida
900 1746 1050 1820 capienda
1087 1766 1105 1804 a
1142 1766 1214 1822 rege
1255 1751 1381 1808 collecta
1418 1773 1487 1812 esse
1523 1779 1580 1834 pro
1631 1753 1632 1760 '

288 1864 373 1913 certo
394 1855 466 1913 licet
491 1856 661 1912 adfirmare.
705 1855 814 1911 Tribus
847 1857 928 1911 enim
956 1857 1112 1912 mensibus
1147 1842 1252 1932 (Ages.
1275 1861 1291 1918 Ι
1316 1859 1365 1938 10)
1398 1883 1460 1922 non
1480 1872 1581 1942 potuit

287 1965 410 2022 nuntius
433 1966 473 2021 de
496 1965 631 2039 Agesilai
662 1966 797 2022 adventu
821 1964 932 2021 Sardes
956 1965 1076 2041 adferri,
1108 1967 1214 2040 ingens
1236 1969 1396 2028 Persarum
1431 1979 1579 2037 exercitus

287 2075 397 2152 colligi,
420 2074 564 2132 collectus
585 2093 602 2130 e
623 2073 730 2130 Media
750 2091 844 2147 usque
867 2075 908 2130 ad
930 2092 1014 2131 mare
1029 2075 1188 2149 proficisci.
1221 2076 1298 2135 Satis
1321 2083 1447 2154 quidem
1466 2103 1581 2144 memo·

286 2185 379 2242 rabile
403 2192 451 2241 est
467 2183 576 2258 Cyrum
597 2183 744 2238 minorem
767 2201 819 2240 sex
843 2183 905 2240 fere
926 2202 1048 2240 menses
1070 2186 1100 2240 in
1123 2187 1321 2259 expeditione
1344 2196 1582 2268 consumpsisse.

285 2292 420 2367 Agesilai
444 2293 535 2368 igitur
557 2293 685 2366 scriptor
713 2311 781 2349 cum
808 2295 900 2350 sciret
929 2295 1094 2350 exercitum
1122 2312 1245 2370 quoque
1275 2316 1294 2354 a
1321 2297 1481 2358 Persarum
1509 2322 1581 2379 rege

286 2400 363 2459 clam
395 2410 535 2475 paratum
569 2418 647 2474 esse,
683 2409 854 2474 temporum
888 2403 1006 2459 ratione
1038 2404 1179 2476 neglecta
1210 2405 1348 2479 legentes
1382 2411 1422 2466 de
1449 2420 1582 2488 utroque

284 2512 392 2568 nuntio
415 2511 502 2567 simul
525 2511 666 2568 certiores
690 2510 768 2568 fecit.
823 2509 858 2567 In
882 2510 1048 2568 Hellenicis
1072 2521 1175 2568 autem
1198 2532 1244 2570 res
1268 2533 1323 2572 suo
1347 2535 1489 2592 quaeque
1511 2522 1580 2579 loco

239 2587 244 2601 .
284 2595 437 2679 narratur:
467 2621 626 2694 Agesilaus
649 2637 718 2676 cum
741 2621 906 2676 exercitum
929 2621 1029 2696 parari
1051 2621 1178 2690 nesciat,
1210 2632 1326 2680 temere
1349 2626 1486 2686 inducias
1509 2631 1581 2689 facit

284 2748 302 2786 a
329 2729 537 2804 Tissapherne
557 2729 680 2804 petitas,
702 2729 813 2804 quibus
836 2730 886 2786 ille
909 2732 950 2786 ad
975 2731 1079 2804 copias
1103 2734 1303 2790 arcessendas
1326 2735 1461 2795 abutitur
1472 2735 1494 2798 2.
1530 2741 1580 2799 Sic

284 2838 421 2915 legentes
452 2840 565 2896 eodem
598 2841 692 2896 modo
727 2856 786 2912 quo
823 2839 894 2896 olim
927 2840 1089 2913 Agesilaus
1122 2841 1281 2899 Persarum
1318 2845 1452 2904 adventu
1490 2852 1580 2925 quasi

283 2948 501 3023 opprimuntur.

381 3058 456 3118 133
479 3059 606 3134 legimus
629 3059 804 3134 Agesilaum
828 3077 881 3116 eos
904 3059 956 3133 qui
978 3061 1149 3116 libertatem
1165 3072 1347 3136 quaererent
1362 3066 1403 3121 ad
1424 3083 1457 3123 se
1473 3066 1575 3123 venire

281 3167 414 3236 iussisse,
442 3185 495 3225 eos
518 3176 620 3225 autem
643 3169 693 3243 qui
715 3168 820 3226 Asiam
842 3168 983 3243 subigere
1007 3169 1119 3224 vellent
1139 3171 1181 3226 ad
1204 3173 1444 3246 depugnandum
1466 3192 1575 3249 provo-

281 3278 404 3337 cavisse.
445 3275 540 3348 Quod
560 3278 752 3334 enuntiatum
774 3278 981 3334 Hartmannus
1004 3277 1077 3333 nihil
1099 3296 1168 3336 esse
1197 3281 1270 3337 dicit
1296 3282 1353 3340 nisi
1374 3283 1574 3341 imitationem

281 3385 343 3441 doli
366 3405 385 3442 a
407 3384 614 3444 Themistocle
641 3387 754 3444 inventi
778 3381 1125 3463 (Herod.V11122)—
1149 3391 1264 3446 acutius
1288 3410 1337 3449 me
1361 3393 1461 3450 iudice
1484 3411 1575 3468 quam

279 3494 388 3551 verius.
425 3495 500 3552 Mihi
517 3497 642 3570 quidem
664 3515 841 3571 numquam¹
858 3498 965 3552 mirum
988 3514 1056 3552 esse
1078 3499 1174 3554 visum
1197 3508 1254 3566 est,
1277 3503 1362 3575 quod
1384 3504 1577 3561 additamen-

281 3611 345 3660 tum
373 3605 446 3662 illud
468 3605 652 3664 rhetoricum
674 3609 705 3663 in
727 3607 852 3664 historia
876 3607 995 3664 Graeca
1017 3625 1080 3663 non
1103 3616 1211 3666 exstat.

379 3713 425 3771 IV
448 3715 465 3773 5
489 3715 650 3788 Agesilaus
672 3715 823 3784 laudatur,
847 3717 930 3790 quod
946 3716 1053 3789 Agidis
1077 3715 1165 3774 heres
1186 3717 1319 3792 legitime
1342 3717 1462 3778 factus³
1488 3724 1575 3780 dimi-

280 3822 363 3879 dium
396 3823 512 3881 heredii
537 3843 606 3882 cum
635 3825 773 3899 cognatis
800 3827 863 3882 suis
894 3825 1171 3885 communicaverit.
1215 3827 1250 3885 ln
1280 3828 1338 3886 hoc
1369 3848 1491 3906 quoque
1522 3849 1573 3888 cur

379 4053 389 4090 ¹
408 4057 480 4106 idem
497 4057 665 4108 iudicandum
684 4063 724 4107 est
743 4057 776 4106 de
795 4058 836 4108 IV
853 4056 870 4108 2
886 4053 1049 4122 Ἀγηιίλαοε
1068 4058 1099 4110 δὲ
1118 4059 1152 4110 οὐ
1170 4058 1258 4124 μόνον
1277 4076 1300 4112 κ.
1319 4075 1344 4112 τ.
1363 4060 1387 4112 λ.
1408 4059 1483 4125 (coll.
1496 4060 1572 4110 Hell.

277 4152 362 4213 1113,
381 4152 406 4206 3.
425 4151 450 4213 4,
470 4152 568 4220 quq.)
588 4155 666 4204 etde
686 4153 775 4206 v116
796 4152 865 4219 (coll.
886 4154 961 4206 Hell.
979 4155 1020 4204 IV
1038 4153 1064 4219 5,
1083 4154 1118 4220 3).

376 4246 449 4300 5³hic
472 4249 547 4301 locus
572 4257 724 4314 argumento
748 4251 825 4300 nobis
849 4267 907 4300 esse
930 4257 1019 4316 potest
1037 4279 1071 4288 -
1090 4252 1119 4300 id
1142 4253 1213 4318 quod
1238 4253 1305 4303 infre
1325 4253 1444 4318 pluribus
1465 4257 1573 4307 demon·

278 4347 419 4398 strabimus
440 4374 470 4384 -
490 4348 569 4414 primi
590 4354 616 4398 et
640 4348 748 4398 secundi
771 4348 863 4413 capitis
886 4353 1035 4398 contextum
1058 4349 1231 4414 antiquiorem
1255 4366 1315 4401 esse
1339 4366 1416 4416 qnam
1441 4352 1464 4402 is
1484 4351 1573 4417 quiin

277 4444 423 4494 Hellenicis
441 4444 541 4508 legitur.
580 4445 716 4511 Xenopho
737 4446 882 4495 enimcum
896 4445 1035 4496 Hellenica
1054 4448 1141 4495 denuo
1160 4453 1289 4507 tractaret,
1315 4449 1395 4498 verba
1412 4449 1574 4515 ὁριεάμενο(

276 4542 326 4604 τῆ(
344 4540 473 4606 πράξεως
491 4545 566 4606 τρεῖ(
589 4545 678 4606 μῆνα(
697 4541 761 4590 scite
780 4542 876 4601 omisit,
901 4549 998 4606 quanta
1025 4542 1199 4607 imprudentia
1225 4544 1371 4606 Agesilaus
1400 4547 1465 4596 olim
1490 4546 1575 4610 egerit

276 4636 394 4701 legentes
414 4637 551 4688 celaturus.

375 4729 583 4801 ³Leotychidas
601 4735 730 4799 Agesilao
749 4752 809 4799 rege
831 4742 917 4786 creato
937 4737 1042 4802 spurius
1062 4745 1117 4786 erat
1140 4737 1285 4788 declaratus
1304 4737 1386 4805 (Plut.
1406 4743 1490 4804 Ages.
1509 4739 1572 4808 IV).
