3588 5312
805 417 981 474 ..39-

344 597 445 658 Etiam
468 596 638 656 fabularum
654 598 789 674 captatio
810 598 911 658 fontes
934 599 1050 658 indicat
1072 600 1246 661 interiorum
1269 611 1450 679 temporum.
1477 603 1544 668 Sin·

245 707 339 786 gulari
361 707 494 783 quadarn
517 708 694 767 curiositate
716 709 913 784 plurimorum
942 709 1075 768 virorum
1097 719 1211 770 mortes
1233 713 1356 772 uberius
1379 731 1472 792 quam
1493 733 1545 773 ve·

245 819 305 878 rius
328 825 488 878 narrantur
497 814 519 878 1'.
563 819 598 878 E.
619 837 663 894 gr.
680 816 786 894 Nepos
807 837 908 897 aeque
931 838 967 878 ac
985 818 1094 880 Cicero
1118 818 1173 894 (de
1188 839 1251 898 rep.
1266 822 1281 881 1
1296 821 1330 897 3)
1354 824 1459 882 dicunt
1473 823 1543 884 Mil·

245 929 361 988 tiadem
391 928 582 1002 vulneratum
607 930 639 988 in
668 929 772 988 vinclis
801 931 884 988 diem
915 948 1089 1006 supremum
1116 933 1239 1002 obiisse,
1271 949 1340 991 cum
1364 932 1543 994 Herodotus

245 1039 417 1098 Miltiadem
438 1057 501 1097 non
522 1040 580 1098 nisi
603 1040 726 1098 vulnere
749 1018 926 1099 coniectum
948 1049 1100 1099 mortuum
1123 1060 1192 1100 esse
1214 1045 1324 1104 tradat.
1355 1043 1544 1102 Hae'narra·

246 1149 399 1208 tiunculae
422 1166 459 1207 ex
483 1149 594 1208 talibus
616 1150 697 1208 libris
712 1150 854 1208 videntur
875 1150 1005 1209 haustae
1028 1168 1098 1208 esse
1119 1151 1226 1227 quales
1249 1141 1543 1212 fueruntAnaxime'·

244 1261 292 1318 nis
315 1259 444 1318 rhetoris
466 1256 622 1338 βαειλέων
644 1257 841 1333 μεταλλαγαὶ
864 1269 895 1318 et
910 1259 1045 1318 Phaniae
1061 1260 1158 1318 Eresii
1181 1255 1347 1336 τυράννων
1370 1255 1545 1336 unornane

246 1366 282 1432 ἐκ
296 1366 456 1446 τιμωρίαε.
480 1401 519 1412 -
542 1369 645 1428 Unum
660 1372 770 1446 largius
792 1389 948 1447 exponere
968 1372 1058 1430 liceat
1078 1388 1140 1448 quo
1156 1372 1259 1435 studia
1279 1371 1397 1430 illorum
1413 1371 1544 1431 virorum

247 1483 340 1556 etiarn
365 1481 474 1540 clarius
493 1482 639 1558 cognosci
660 1490 799 1557 possunt.
833 1482 1018 1557 Bernaysius
1041 1481 1168 1550 (Phocio
1186 1474 1260 1559 128)
1276 1463 1400 1557 egregie
1416 1483 1545 1541 demon-

248 1594 352 1652 stravit
377 1592 539 1652 Phocionis
561 1601 774 1669 paupertatem
798 1593 883 1650 cuius
899 1590 1004 1668 Nepos
1027 1591 1216 1650 mentionem
1232 1588 1331 1651 iacit2
1344 1592 1376 1650 in
1390 1592 1545 1653 rhetorum

246 1705 356 1763 scholis
378 1704 480 1762 fictam
499 1705 705 1780 traditamque
728 1721 805 1765 esse.
852 1704 940 1762 Idem
956 1706 997 1762 de
1013 1702 1148 1784 Cimonis
1169 1711 1354 1779 paupertate
1377 1704 1544 1764 dicendum

155 1893 159 1902 .
247 1821 309 1886 est3
332 1831 405 1871 narn
427 1830 528 1890 neque
544 1811 631 1873 Cimo
654 1821 708 1870 aut
729 1830 846 1889 pauper
868 1821 933 1871 erat
955 1810 1007 1882 (cf.
1022 1812 1140 1872 Herod.
1156 1812 1199 1871 VI
1216 1815 1275 1874 136
1299 1813 1425 1896 Aristid.
1440 1814 1469 1872 11
1484 1816 1545 1876 203

168 1923 170 1928 '
246 1916 353 1999 Dind.)
376 1931 429 1980 aut
451 1922 685 1994 Atheniensium
707 1922 825 1998 legibus
847 1929 972 1998 propter
992 1923 1157 1998 pecuniam
1178 1942 1197 1981 a
1218 1930 1304 1998 patre
1329 1941 1393 1981 non
1414 1924 1546 1982 solutam

247 2034 387 2093 custodia
410 2033 507 2090 teneri
529 2028 677 2111 poterat⁸
699 2050 800 2109 neque
822 2032 962 2106 Elpinice
987 2050 1071 2091 soror
1087 2031 1202 2090 Calliae
1227 2033 1339 2108 nupsit.
1378 2032 1479 2091 Huius
1501 2032 1547 2092 ia·

246 2143 337 2202 bulae
359 2152 502 2209 auctores
524 2143 648 2219 quinam
671 2142 783 2201 fuerint
806 2151 837 2200 et
862 2142 1028 2200 scholiasta
1044 2142 1185 2200 Aristidis
1208 2151 1239 2200 et
1258 2142 1387 2202 Taetzes
1409 2159 1466 2200 nos
1490 2144 1548 2201 do·

247 2259 326 2314 cent.
371 2252 425 2312 Ille
448 2247 510 2328 (pg.
527 2251 603 2326 515)
627 2253 709 2310 enim
723 2252 859 2311 Cimonis
883 2270 951 2310 cum
965 2251 1103 2329 Elpinice
1127 2270 1231 2310 sorore
1254 2245 1391 2330 stuprum
1414 2271 1432 2310 a
1455 2253 1546 2311 comi·

247 2363 290 2422 cis
312 2363 539 2440 promulgatum
560 2380 631 2421 esse
656 2364 749 2420 tradit
771 2371 802 2421 et
824 2362 939 2439 Ephori
959 2362 1167 2420 testimonium
1190 2361 1291 2420 adfert
1313 2364 1365 2438 qui
1388 2361 1548 2426 Cimonem

248 2474 373 2531 divitem
395 2474 551 2548 quandam
573 2473 718 2548 virginem
739 2474 771 2530 in
792 2473 1019 2531 matrimonium
1040 2473 1165 2531 duxisse
1187 2473 1357 2544 tradiderit,
1379 2473 1429 2532 hic
1450 2467 1546 2551 (Hist.

246 2581 331 2654 122)
354 2591 494 2642 auctores
519 2583 640 2641 fabulae
662 2583 800 2642 nominat
820 2571 969 2641 ‘comicos
991 2582 1129 2642 rhetores
1152 2582 1324 2642 Diodorum
1347 2577 1450 2642 alios‘.
1497 2582 1548 2641 Li·

139 2721 142 2726 ·
248 2693 331 2751 banii
352 2692 443 2769 igitur
466 2693 565 2751 verbis
589 2689 646 2768 (IV
669 2694 729 2753 335
752 2692 789 2754 R.
813 2691 1028 2769 argumentum
1053 2693 1247 2769 proponitur:
1277 2688 1296 2754 ὁ
1322 2688 1424 2768 Κίμων
1449 2686 1547 2754 αἰτῶν

247 2799 326 2880 ὑπὲρ
357 2803 415 2864 τοῦ
448 2799 571 2878 πατρὸς
604 2798 774 2877 δεθῆναι)4
803 2820 867 2860 non
895 2821 973 2879 opus
1000 2810 1049 2860 est
1070 2803 1111 2860 ad
1132 2804 1212 2862 hanc
1233 2802 1368 2862 fabulam
1390 2802 1545 2882 rhetorum

247 2913 357 2973 scholis
382 2913 628 2991 adtribuendarn.
671 2910 715 2970 Ut
736 2912 920 2990 Phylarchus
942 2912 1121 2972 Mantineae
1149 2913 1411 2994 expugnationem
1439 2913 1548 2987 depin-

246 3043 323 3102 gens
351 3007 537 3098 tragicorum
568 3016 632 3082 fere
662 3024 758 3081 modo
785 3024 957 3098 legentibus
984 3024 1224 3082 misericordiam
1248 3023 1404 3081 concitare
1427 3022 1547 3080 studuit

248 3126 300 3213 (cf.
317 3133 420 3210 Polyb.
434 3133 463 3190 Il
479 3127 534 3212 ὃὸ)
556 3133 599 3192 ita
622 3131 758 3193 rhetores
781 3134 854 3192 inde
876 3152 894 3190 a
916 3134 1005 3191 tertio
1029 3134 1152 3192 saeculo
1168 3132 1296 3190 divitum
1316 3149 1548 3207 pauperumque

247 3254 346 3321 typoS,
371 3252 404 3302 ut
425 3243 469 3301 ita
491 3244 600 3315 dicam,
624 3252 837 3320 expresserunt
859 3252 892 3301 et
914 3244 954 3300 de
970 3243 1039 3301 viris
1063 3242 1102 3299 ab
1125 3241 1276 3320 historicis
1295 3241 1429 3300 laudatis
1445 3242 1549 3299 decla·

248 3371 331 3412 mare
353 3361 521 3430 coeperunt
531 3349 553 3414 ⁶.
598 3353 724 3426 Quanto
752 3370 846 3429 opere
876 3353 1049 3412 studuerint
1076 3330 1256 3428 magnorum
1283 3352 1414 3409 virorum
1436 3350 1548 3412 liberos

248 3465 376 3522 miseros
399 3462 513 3538 fingere
535 3480 574 3521 ex
596 3461 751 3522 Ciceronis
778 3463 846 3553 loco
877 3479 1065 3536 cognoscere
1095 3449 1174 3521 licet.
1218 3462 1243 3519 F
1245 3461 1447 3519 abulabantur
1469 3460 1549 3519 enim

250 3571 488 3630 Themistoclem
511 3570 596 3627 diviti
618 3570 743 3628 cuidam
765 3571 829 3628 viro
852 3587 1001 3648 generum
1024 3551 1148 3628 divitem
1174 3571 1332 3646 quaerenti
1354 3571 1487 3628 suasisse
1509 3587 1549 3628 ne

249 3688 409 3757 argentum
424 3681 487 3738 viro
510 3697 604 3757 egens
627 3680 684 3738 sed
705 3680 801 3738 virum
823 3687 953 3756 argento
972 3688 1115 3754 egentem
1136 3680 1350 3755 investigaret;
1373 3680 1457 3755 quod
1479 3697 1549 3739 cum

352 4013 601 4072 ¹Mi1r.vJ15.6.
626 4016 719 4069 Them.
738 4017 768 4066 X
780 4015 806 4070 4.
830 4019 911 4069 Paus.
930 4017 971 4067 1v
991 4032 1032 4083 sq.
1051 4014 1138 4068 Alcib.
1152 4015 1191 4066 X.
1209 4013 1283 4065 Cono
1303 4015 1337 4066 V.
1356 4015 1409 4066 Dio
1421 4015 1549 4068 VH—X.

249 4114 377 4167 Chabrias
394 4116 443 4168 IV.
462 4117 566 4168 Datam.
585 4117 622 4167 X
641 4116 734 4180 Epam.
755 4115 810 4180 IX.
833 4116 911 4167 Eum.
931 4115 1025 4181 XIsq.
1044 4114 1147 4164 Phocio
1166 4114 1216 4166 1v.

347 4209 360 4248 ¹
376 4213 431 4264 vita
448 4213 531 4266 Phoc.
552 4214 575 4265 1.
961 4265 968 4276 ¹

348 4305 360 4344 θ
377 4310 536 4361 Plutarchus
555 4311 622 4361 nihil
640 4310 722 4362 habet
740 4310 774 4361 de
788 4309 906 4361 Cimonis
926 4307 1060 4374 custodia;
1079 4313 1170 4358 contra
1182 4307 1306 4359 Valerius
1326 4306 1456 4358 Maximus
1476 4303 1550 4372 (241.

249 4403 311 4459 242.
330 4404 382 4460 248
400 4406 494 4474 Halm)
512 4407 613 4458 similes
639 4423 668 4458 ac
691 4408 783 4474 Nepos
802 4407 887 4458 sontes
908 4410 1012 4456 secutus
1032 4405 1183 4454 Miltiadem
1207 4409 1234 4455 et
1252 4404 1391 4456 Cimonem
1409 4403 1438 4454 in
1456 4402 1550 4454 vinclis

250 4504 333 4554 luisse
351 4511 446 4557 narrat.

348 4596 362 4635 ⁴
380 4601 499 4653 similiter
516 4601 603 4654 Nicol.
617 4616 699 4668 προγ.
713 4599 766 4654 390
775 4601 826 4653 W:
845 4597 923 4654 rivae
942 4598 977 4652 ἂν
995 4597 1068 4653 εἴποι
1088 4598 1191 4663 λόγου(
1210 4597 1302 4665 Κίμων
1322 4597 1478 4653 Μιλτιάδου
1497 4599 1549 4650 τοῦ

249 4698 356 4767 πατρὸς
376 4699 407 4752 ἐν
425 4700 534 4765 heruci<
552 4697 782 4765 τελευτήςαντος.

348 4793 360 4832 ⁵
382 4797 469 4850 Blass.
490 4797 592 4862 griech.
611 4797 720 4849 Bereds.
738 4811 762 4848 v.
780 4795 857 4848 Alex.
878 4795 905 4848 b.
924 4795 996 4859 Aug.
1016 4821 1048 4833 -
1068 4794 1195 4847 Philostr.
1214 4809 1238 4847 v.
1259 4793 1337 4860 soph.
1355 4792 1384 4843 11
1402 4791 1419 4847 2
1436 4793 1523 4860 Kays.
