3588 5312
794 399 954 452 ..7-

227 577 355 634 virorum
388 591 436 632 res
470 583 576 650 gestae
611 594 647 633 ac
680 593 781 633 mores
803 575 925 650 publice
946 575 1068 633 tractari
1090 583 1201 652 coepta
1224 583 1304 634 sunt.
1347 574 1391 634 Ut
1413 576 1520 634 cornici

226 687 269 743 rei
299 685 437 760 publicae
465 685 616 760 principes
649 693 740 760 atque
774 685 1068 742 administrationem
1095 685 1160 742 sale
1181 692 1213 743 et
1235 684 1352 742 facetiis
1374 687 1518 760 perstrin-

227 795 342 870 gebant
379 795 422 852 ita
458 794 625 852 factionum
657 796 810 870 principes
853 796 1042 853 adversarios
1086 794 1229 852 conviciis
1271 795 1520 870 proscindebant,

153 950 155 959 ,
228 906 357 980 partium
399 904 499 961 socios
536 904 678 962 laudibus
720 905 896 964 efferebant.
961 903 1059 962 Huius
1104 903 1189 961 modi
1224 903 1290 961 libri
1326 921 1388 979 quo
1424 906 1519 962 modo

232 1013 393 1090 compositi
429 1013 538 1070 fuerint
574 1032 611 1071 ex
653 1013 843 1070 Stesimbroti
880 1013 986 1071 Thasii
1023 1013 1199 1087 fragmentis
1241 1014 1415 1070 etiamnunc
1450 1013 1521 1070 licet

229 1123 429 1203 perspicerel.
472 1127 550 1184 Illud
579 1144 653 1184 sane
684 1135 715 1184 et
746 1127 851 1184 talium
880 1127 1060 1200 scriptorum
1093 1133 1125 1182 et
1152 1124 1337 1181 comicorum
1365 1123 1520 1199 proprium

229 1248 304 1307 erat,
336 1239 421 1314 quod
450 1238 571 1311 utrique
603 1237 733 1293 virorum
760 1235 928 1293 inlustrium
957 1236 1105 1310 imagines
1134 1235 1230 1307 magis
1259 1232 1404 1290 vitiabaut
1429 1251 1520 1308 quam

229 1351 270 1407 ad
292 1350 450 1405 veritatem
472 1346 692 1423 exprimebant.

331 1457 394 1515 Sed
421 1457 533 1514 eodem
563 1464 700 1530 tempore
726 1456 751 1512 is
775 1455 890 1511 exstitit
911 1455 954 1512 vir
976 1453 1027 1528 qui
1049 1471 1167 1511 morum
1189 1451 1362 1510 sinceritate
1383 1450 1520 1509 humani-

231 1577 295 1626 tate
318 1567 419 1625 divino
440 1567 553 1642 ingenii
574 1567 689 1624 adflatu
717 1565 910 1640 plurimorum
937 1564 1172 1632 venerationem,
1203 1561 1339 1637 corporis
1366 1561 1462 1619 forma
1489 1567 1520 1617 et

232 1677 336 1735 habitu
352 1677 486 1734 omnium
501 1675 730 1734 admirationem
754 1675 908 1733 excitaret.
945 1673 1092 1730 Eiusdem
1113 1689 1245 1749 persona
1267 1688 1366 1746 aeque
1388 1688 1425 1728 ac
1446 1671 1519 1727 doc-

229 1789 306 1844 trina
327 1787 440 1845 factum
463 1794 520 1862 est,
543 1795 577 1843 ut
600 1788 640 1842 de
661 1786 846 1862 singulorum
868 1785 1027 1843 virtutibus
1050 1783 1176 1859 aequius
1192 1783 1326 1840 iudicare
1341 1781 1521 1855 inciperent.

231 1897 370 1955 Socrates
387 1897 476 1965 enim,
500 1905 663 1972 postquam
679 1914 697 1952 a
712 1895 852 1970 sophistis
875 1895 972 1971 legum
988 1912 1106 1952 morum
1121 1893 1267 1967 repagula
1287 1891 1417 1948 refracta
1439 1897 1521 1957 sunt,

229 2025 310 2066 nova
332 2007 511 2065 eruditionis
532 2007 636 2083 posuit
663 2007 872 2074 fundamenta,
901 2024 969 2063 cum
997 2006 1135 2062 virtutem
1164 2022 1202 2060 ex
1231 2002 1357 2062 scientia
1383 2001 1520 2077 pendere

230 2117 354 2177 diceret.
400 2117 466 2175 Iam
487 2136 560 2175 vero
583 2117 812 2175 cumhomines
835 2118 973 2191 seipsos
997 2132 1184 2190 cognoscere
1205 2112 1351 2180 iussisset,
1378 2128 1415 2167 ea
1444 2127 1520 2184 quo-

230 2246 289 2303 que
317 2227 461 2284 facultate
488 2227 652 2303 discipulos
678 2227 828 2301 instruxit,
860 2235 894 2285 ut
924 2226 1050 2282 aliorum
1081 2240 1227 2300 personas
1256 2222 1366 2280 rectius
1395 2227 1522 2295 possent

232 2337 403 2394 aestimare.
449 2335 595 2408 Quamvis
622 2337 714 2411 igitur
740 2335 898 2392 doctrinae
926 2335 992 2391 eius
1020 2341 1260 2391 consentaneum
1287 2338 1375 2402 esset,
1404 2338 1522 2387 utnon

234 2448 291 2504 nisi
307 2447 462 2522 sapientes
477 2448 518 2503 rei
534 2446 674 2522 publicae
698 2445 959 2503 administrandae
981 2445 1095 2518 peritos
1118 2460 1184 2500 esse
1207 2442 1332 2507 diceret,
1355 2447 1457 2497 tamen
1480 2439 1521 2495 de

230 2557 360 2613 virorum
384 2574 563 2630 magnorum
583 2555 740 2612 virtutibus
764 2555 857 2613 veluti
881 2553 1094 2611 Themistoclis
1117 2545 1299 2629 (Memorab.
1315 2549 1389 2626 116,
1407 2550 1445 2607 13
1477 2547 1523 2604 IV

161 2709 163 2716 .
234 2669 261 2741 2,
284 2663 316 2738 2)
340 2673 370 2722 et
392 2665 513 2723 Periclis
535 2662 587 2738 (ib.
610 2665 624 2722 I
646 2667 675 2740 2,
699 2660 751 2741 40)
781 2665 908 2741 aequius
936 2671 1026 2738 atque
1054 2661 1147 2720 ceteri
1168 2659 1372 2718 Athenienses
1402 2659 1523 2715 videtur

231 2776 413 2833 iudicavisse
421 2770 442 2834 2.
487 2774 618 2832 Accedit
646 2776 732 2850 quod
756 2773 889 2832 Socratis
912 2774 1006 2847 ipsius
1034 2788 1167 2846 persona
1189 2768 1465 2838 commovebantur,
1490 2773 1523 2823 ut

232 2894 285 2941 aut
318 2884 456 2942 habiturn
496 2885 558 2942 eius
597 2885 708 2942 salibus
746 2885 986 2959 perstringerent
1025 2890 1077 2939 aut
1115 2897 1214 2938 mores
1254 2878 1319 2936 eius
1357 2885 1388 2934 et
1425 2893 1524 2934 rerum

230 3003 421 3051 externarum
448 3001 657 3068 contemptum
681 2993 854 3053 laudarent.
897 2991 946 3049 Sic
969 2991 1083 3049 sactum
1114 2997 1168 3058 est,
1197 2997 1231 3045 ut
1258 2989 1298 3045 de
1321 2987 1386 3044 eius
1409 2987 1471 3043 vita
1493 2992 1524 3041 et

230 3103 365 3160 moribus
386 3103 500 3160 multae
522 3102 649 3160 fabellae
678 3121 714 3160 ac
742 3101 986 3160 narratiunculae
1008 3101 1204 3157 traderentur
1230 3105 1435 3171 accurataque
1458 3095 1523 3151 eius

229 3211 331 3287 imago
355 3211 484 3285 posteris
509 3220 687 3271 servaretur.

331 3321 380 3378 Ad
396 3329 491 3378 artem
507 3339 579 3378 vero
594 3321 722 3379 vitarum
737 3321 966 3378 scribendarum
983 3319 1091 3376 summi
1106 3326 1171 3376 erat
1182 3315 1336 3385 momenti,
1353 3316 1437 3391 quod
1447 3332 1523 3371 non·

232 3431 305 3486 nulli
321 3429 452 3488 Socratis
469 3431 609 3505 discipuli
624 3430 717 3488 divini
731 3431 863 3506 magistri
879 3430 1050 3504 exemplum
1065 3428 1163 3486 secuti
1182 3434 1249 3484 tota
1263 3433 1367 3482 mente
1381 3424 1524 3482 incubue-

232 3547 302 3595 runt
313 3539 343 3595 in
357 3539 529 3615 aequalium
541 3557 642 3597 mores
656 3558 693 3597 ac
704 3540 806 3597 studia
819 3540 1004 3616 corrigenda.
1020 3538 1090 3596 Hoc
1099 3536 1289 3613 propositum
1299 3544 1363 3593 tum
1376 3534 1525 3592 facillume

232 3667 301 3707 sese
331 3651 530 3707 adsecuturos
561 3667 629 3708 esse
651 3651 785 3724 plerique
807 3651 963 3720 videbant,
991 3667 1059 3707 cum
1088 3665 1251 3724 puerorum
1286 3655 1317 3702 et
1343 3644 1523 3702 adolescen-

231 3759 307 3817 tium
330 3758 507 3817 educationi
529 3777 610 3816 nova
631 3759 806 3833 posuissent
828 3759 1037 3818 fundamenta.
1076 3757 1228 3829 Quoniam
1243 3772 1314 3812 vero
1331 3753 1464 3812 Socratis
1487 3753 1528 3810 de

231 3869 288 3926 hac
315 3886 347 3925 re
375 3869 547 3928 sententiae
574 3887 637 3925 non
666 3877 754 3925 erant
781 3878 863 3926 certa
886 3869 983 3925 forma
1005 3887 1041 3926 ac
1068 3869 1186 3925 ratione
1208 3865 1374 3923 adstrictae
1396 3871 1429 3921 et
1454 3880 1527 3920 con·

230 3979 364 4051 iunctae,
388 3986 422 4034 ut
444 3977 476 4033 in
499 3975 563 4035 aliis
585 3978 627 4035 ita
648 3977 678 4034 in
700 3994 863 4050 puerorum
877 3977 1069 4035 institutione
1084 3977 1150 4033 illas
1168 3993 1223 4049 pro
1247 3992 1302 4031 sua
1318 3973 1448 4048 quisque
1463 3979 1528 4029 stu·

233 4088 285 4144 dio
308 4105 345 4144 ac
367 4087 515 4162 dignitate
539 4086 815 4144 conformaverunt.
848 4084 986 4157 Quorum
1006 4087 1086 4143 duae
1107 4085 1345 4160 distinguendae
1368 4091 1436 4140 sunt
1457 4099 1527 4156 par·

231 4204 295 4255 tes:
328 4195 424 4254 altera
446 4212 560 4273 eorum,
592 4196 642 4270 qui
674 4195 828 4252 hominem
856 4213 889 4254 se
910 4196 1009 4270 ipsum
1031 4195 1179 4270 corrigere
1201 4193 1341 4251 iuberent
1361 4208 1465 4267 nequa
1484 4190 1528 4248 rei

241 4355 438 4363 ———-

335 4445 345 4484 ¹
363 4449 529 4499 conferantur
542 4450 620 4498 etiam
633 4449 810 4514 Antiphontis
823 4447 995 4514 Ἀλκιβιάδου
1012 4445 1148 4514 λοιδορίαι
1161 4453 1187 4496 et
1205 4446 1278 4496 Ionis
1297 4444 1357 4496 Chii
1376 4441 1526 4508 ἑπιδημίαι.

330 4545 385 4596 ²id
408 4547 479 4610 quod
502 4545 646 4596 Aeschinis
669 4547 797 4597 Socratici
822 4546 941 4611 reliquiis
965 4546 1160 4610 comprobatur.
1199 4545 1296 4594 scimus
1322 4543 1392 4592 enim
1417 4556 1476 4590 eum
1502 4541 1531 4589 in

230 4641 342 4705 dialogis
367 4643 512 4692 Miltiadem
534 4642 741 4692 Themistoclem
764 4644 907 4709 Aspasiam
934 4643 1090 4693 laudavisse.
1132 4643 1165 4693 cf.
1185 4643 1329 4692 Hermann.
1358 4634 1406 4688 ‘de
1430 4637 1531 4688 Aesch.

231 4739 305 4792 Socr.
324 4734 390 4791 rell.¹
422 4739 494 4802 Gttg.
515 4737 593 4794 1850.
