3588 5312
823 411 979 465 ..8-

258 587 398 662 publicae
425 588 523 662 qualis
549 595 623 645 tunc
649 596 714 646 erat
743 589 896 647 rationem
923 589 1083 659 haberent,
1114 591 1208 649 altera
1231 592 1283 665 qui
1306 591 1555 649 adolescentibus

260 697 301 754 ad
323 698 463 754 virtutem
479 698 629 756 revocatis
652 715 716 754 rem
738 698 891 773 publicam
913 699 1032 756 firmare
1056 700 1214 776 bonosque
1230 701 1312 758 cives
1336 700 1470 758 educare
1494 709 1557 758 stu·

261 806 377 864 derent.
414 806 484 864 Huc
505 825 569 864 non
590 806 705 864 faciunt
726 807 777 881 illi,
799 807 971 884 philosophi
998 811 1091 886 magis
1114 828 1205 887 quam
1229 812 1308 868 cives
1333 808 1456 886 Graeci,
1479 829 1555 886 quo·

259 934 325 974 rum
351 915 423 972 nihil
452 916 597 974 intererat
618 916 748 974 virorum
770 919 810 974 de
837 936 869 975 re
892 919 1012 992 publica
1035 920 1142 975 merita
1164 919 1294 994 posteris
1318 920 1449 977 tradere.
1494 917 1556 975 En·

261 1026 360 1083 comia
383 1027 464 1083 enim
485 1026 544 1096 illa,
567 1043 646 1102 quae
659 1026 746 1085 Plato
769 1045 843 1086 suae
858 1029 900 1084 rei
915 1028 1056 1102 publicae
1072 1029 1185 1085 civibus
1201 1028 1291 1085 tribui
1305 1029 1369 1085 vult
1383 1029 1431 1086 vel
1446 1028 1555 1085 diebus

263 1135 347 1193 festis
371 1138 511 1196 canenda
533 1128 577 1216 (d.
590 1155 652 1212 rep.
667 1139 728 1196 468
741 1137 779 1197 D.
803 1138 882 1212 legg.
907 1140 964 1196 801
980 1138 1016 1198 E.
1038 1140 1108 1198 802.
1133 1133 1253 1213 8290.)
1274 1137 1320 1194 vel
1343 1137 1488 1212 sepulcris
1511 1138 1556 1194 in-

262 1245 423 1302 scribenda
444 1242 495 1321 (ib.
520 1244 639 1321 stes),
676 1264 738 1303 non
770 1255 856 1304 erant
879 1256 951 1322 apta
974 1248 1014 1305 ad
1037 1249 1169 1305 virorum
1194 1264 1294 1304 mores
1317 1256 1349 1304 et
1380 1265 1429 1304 res
1452 1254 1556 1323 gestas

262 1355 397 1412 omnium
423 1355 530 1414 animis
558 1356 729 1430 infigendas
756 1358 812 1415 sed
838 1358 879 1414 ad
900 1365 1090 1414 mortuorum
1112 1358 1289 1415 memoriam
1311 1375 1330 1415 a
1350 1357 1482 1433 posteris
1505 1357 1557 1431 pie

263 1465 434 1526 colendam.
465 1465 589 1523 Maioris
604 1468 749 1524 momenti
765 1475 835 1524 sunt
851 1467 953 1524 studia
970 1484 1073 1524 eorum
1096 1467 1234 1535 virorum,
1258 1467 1309 1542 qui
1325 1467 1457 1525 Socratis
1480 1467 1556 1523 doc-

263 1573 341 1631 trina
361 1574 467 1631 imbuti
490 1575 599 1632 civium
618 1577 735 1634 animos
756 1577 878 1635 flectere
902 1578 1004 1635 conati
1021 1585 1098 1635 sunt.
1155 1577 1202 1633 Ex
1225 1593 1354 1652 quorum
1375 1594 1503 1634 numero
1527 1575 1558 1632 in

264 1683 365 1757 primis
389 1686 451 1742 duo
474 1685 527 1742 viri
548 1687 728 1744 nominandi
750 1696 831 1766 sunt,
854 1687 1005 1746 Isocrates
1027 1696 1058 1744 et
1080 1687 1245 1763 Xenopho.

766 2277 830 2351 De
856 2277 1055 2352 Isocrate.

367 2504 519 2561 Isocrates
546 2519 730 2576 quamquam
758 2520 821 2560 non
843 2511 961 2561 tantum
990 2504 1184 2562 commodum
1207 2522 1244 2562 ex
1266 2504 1460 2582 philosophia
1492 2522 1561 2562 sese

269 2615 389 2688 cepisse
411 2610 611 2697 apertedicit
631 2619 779 2685 quantum
801 2611 891 2687 vulgo
915 2615 1138 2671 contenderent
1168 2609 1221 2689 (de
1244 2614 1336 2690 Soph.
1362 2611 1422 2689 11),
1457 2623 1560 2673 tamen

270 2723 402 2781 Socratis
436 2721 604 2778 sententias
637 2729 671 2778 ut
701 2739 764 2779 non
797 2722 966 2780 intellectas
996 2724 1160 2800 detorquet
1190 2725 1234 2780 ita
1267 2725 1355 2782 variis
1387 2725 1560 2782 orationum

269 2833 347 2891 locis
371 2839 512 2890 accurate
540 2831 680 2907 exprimit
691 2827 711 2892 ¹.
755 2830 875 2889 Virtute
903 2840 934 2889 et
962 2833 1075 2890 iustitia
1108 2833 1188 2890 cives
1217 2834 1351 2891 imbuere
1379 2835 1485 2891 studet
1516 2827 1561 2912 (π.

270 2937 369 3003 ἀντιδ.
394 2935 447 3018 67)
476 2948 508 2999 et
535 2949 680 3015 quattuor
708 2941 773 2998 illas
795 2942 921 2998 virtutes
949 2940 1117 2999 Socraticas
1151 2943 1272 3018 saepius
1301 2943 1442 3001 laudibus
1475 2944 1561 3000 effert

270 3051 381 3126 (Euag.
405 3053 453 3110 22.
478 3052 516 3110 23
539 3051 575 3112 cs.
598 3050 730 3110 Demon.
761 3054 808 3112 15.
833 3053 882 3111 40.
917 3050 1034 3110 Nicocl.
1064 3045 1127 3127 29).
1171 3051 1245 3108 Prae
1277 3070 1376 3110 rerum
1406 3062 1562 3126 gestarum

268 3161 444 3219 narratione
477 3178 577 3218 mores
601 3169 693 3236 atque
717 3162 808 3218 animi
831 3162 956 3217 virtutes
985 3178 1048 3216 non
1070 3161 1277 3235 neglegendas
1311 3179 1380 3218 esse
1403 3162 1562 3236 singulari-

269 3273 327 3330 bus
349 3270 447 3328 verbis
469 3270 595 3344 exponit
618 3268 704 3344 (Phil.
730 3267 813 3344 109).
859 3270 922 3326 Sed
950 3268 1043 3326 homo
1066 3269 1114 3325 ille
1136 3270 1252 3345 gloriae
1276 3271 1405 3347 cupidus
1432 3270 1562 3328 honeste

271 3380 433 3437 vivendum
456 3395 524 3436 esse
541 3395 608 3436 eam
632 3380 671 3436 ob
691 3397 814 3436 causam
838 3378 994 3445 censebat,
1018 3379 1102 3452 quod
1118 3378 1170 3434 viri
1192 3378 1311 3434 boniet
1331 3379 1371 3436 de
1393 3379 1563 3454 republica

269 3490 350 3547 bene
368 3489 465 3546 meriti
480 3489 630 3546 inmortali
646 3489 742 3563 gloria
762 3488 970 3557 adficerentur,
993 3497 1086 3564 atque
1101 3496 1221 3545 tantum
1244 3489 1360 3555 aberat,
1381 3497 1416 3543 ut
1430 3487 1562 3546 Socratis

269 3616 369 3656 rerum
385 3607 576 3656 externarum
595 3598 825 3672 despectionem
845 3597 1045 3654 admiraretur
1059 3605 1091 3654 et
1106 3597 1318 3672 aemularetur,
1341 3604 1375 3654 ut
1389 3598 1435 3654 vel
1459 3597 1565 3672 volup·

270 3707 341 3764 tatis
364 3706 412 3763 vel
433 3706 506 3762 lucri
527 3706 575 3762 vel
596 3705 712 3782 gloriae
735 3722 829 3762 causa
852 3722 958 3763 omnes
982 3705 1085 3762 omnia
1107 3704 1208 3762 facere
1231 3707 1434 3764 contenderet
1442 3702 1465 3766 2.

369 3814 489 3873 Tamen
510 3832 603 3872 unum
630 3815 721 3871 ineo
744 3815 941 3874 laudandum.
985 3814 1090 3872 Taceo
1114 3815 1154 3870 de
1183 3815 1324 3872 dictionis
1356 3815 1510 3891 elegantia
1533 3823 1565 3872 et

270 3925 447 3993 subtilitate,
479 3925 577 3998 magis
599 3925 640 3982 ad
662 3941 719 3981 nos
749 3925 903 4000 pertinent
925 3925 1099 3982 orationum
1129 3932 1318 3999 argumenta.
1361 3924 1450 3981 Multi
1483 3923 1564 3982 enim

271 4033 407 4091 rhetores
422 4034 499 4090 illius
521 4033 641 4107 aetatis
664 4034 717 4109 qui
740 4033 781 4090 de
803 4034 942 4091 omnibus
963 4033 1054 4090 rebus
1076 4051 1144 4091 sese
1167 4033 1316 4091 disserere
1337 4051 1431 4109 posse
1453 4033 1563 4107 gloria·

269 4144 388 4215 bantur,
423 4144 495 4201 satis
523 4142 681 4201 habebant
704 4142 876 4219 Gorgianas
899 4151 1023 4219 captare
1057 4143 1202 4200 orationis
1229 4143 1341 4200 formas
1369 4151 1462 4216 atque
1493 4141 1563 4198 artis

270 4227 475 4311 oste'ntandae
497 4269 592 4310 causa
617 4254 657 4309 de
680 4252 816 4328 quolibet
839 4261 1018 4327 argumento
1042 4252 1283 4309 declamationes
1306 4250 1445 4310 scribere.

269 4435 467 4445 ———-—

375 4549 385 4588 ¹
403 4553 509 4604 uberius
529 4553 563 4603 de
581 4553 632 4603 hae
655 4568 683 4602 re
704 4552 827 4602 disseruit
845 4551 992 4602 Schroeder
1014 4558 1115 4616 quaest.
1139 4551 1223 4601 Isocr.
1242 4550 1311 4602 Trai.
1335 4549 1368 4599 ad
1387 4551 1476 4602 Rhen.
1496 4548 1565 4603 1859

289 4689 295 4702 .
316 4649 330 4702 1
345 4666 357 4699 s
397 4690 402 4703 .

268 4666 286 4717 p
358 4666 495 4812 qilanneg.
514 4742 556 4802 76.
580 4747 650 4800 Phil.
671 4745 731 4800 134.
753 4746 898 4798 Penatbeu.
919 4745 960 4798 11.
980 4744 1023 4798 38.
1043 4744 1103 4798 260.
1128 4761 1158 4798 π.
1175 4743 1263 4797 ἀντιδ.
1282 4742 1343 4797 217.
1365 4744 1448 4808 Eung.
1467 4742 1493 4796 3.
