3588 5312
833 365 1007 421 ..24-

271 550 392 608 bratam
413 548 556 624 legimus:
579 542 631 607 καὶ
652 543 714 620 γὰρ
729 542 859 618 ἐγένετο
881 540 996 618 οἵαπερ
1018 538 1077 604 οὐκ
1093 537 1174 618 ἄλλη
1198 535 1249 617 ἐφ’
1265 537 1355 617 ἡμῶν
1377 536 1421 617 (ΙΙ
1437 535 1481 621 9),
1503 542 1568 600 rhe-

274 668 371 717 torem
385 659 526 716 audimus
542 657 778 732 grandiloquum
794 655 845 730 qui
861 654 1025 712 occasione
1041 655 1113 712 data
1136 637 1246 712 iisdem
1262 652 1360 710 verbis
1378 653 1416 710 ad
1434 652 1569 728 quamvis
1606 679 1611 691 ·

272 786 407 846 pugnam
438 767 626 824 laudandam
648 763 691 821 uti
720 782 782 822 non
808 762 995 822 dubitaverit.
1042 763 1173 821 Accedit
1196 764 1280 839 quod
1307 761 1460 837 Xenopho
1489 761 1567 818 haec

273 899 311 937 ex
335 878 456 936 schedis
484 885 558 934 ante
580 891 717 950 pugnam
740 873 931 931 Leuctricam
960 869 1115 931 exaratis¹
1141 871 1346 946 transscripsit
1368 901 1408 910 -
1431 871 1464 929 id
1486 872 1570 945 quod

272 989 349 1047 infra
371 985 656 1044 demonstrabimus.

372 1096 475 1153 Verba
496 1089 586 1155 νυκτὶ
607 1079 726 1167 διἀπερ
748 1087 850 1172 ἡμέρᾳ
872 1089 1005 1167 χρῆεθαι
1027 1084 1086 1168 (VI
1109 1085 1142 1168 6)
1171 1090 1314 1147 laudator
1344 1107 1382 1146 ex
1403 1089 1569 1148 Hellenicis

273 1207 325 1264 ubi
354 1206 424 1263 Iaso
448 1204 603 1262 Pheraeus
626 1203 802 1261 celebratur
817 1201 872 1273 (Vl
890 1205 916 1276 1,
936 1195 987 1278 15)
1015 1201 1223 1274 desumpsisse
1243 1200 1359 1260 dicitur.
1397 1199 1478 1256 Vide
1506 1215 1568 1274 quo

274 1315 453 1373 veteratoris
470 1313 724 1389 deprehendendi
740 1312 844 1386 cupidi
860 1305 1057 1387 abripiantur!
1080 1309 1188 1384 Neque
1204 1309 1285 1366 enim
1300 1309 1422 1366 uberius
1440 1310 1567 1368 demon-

274 1426 433 1483 strandum
455 1431 502 1482 est
525 1423 575 1480 illa
598 1423 700 1491 verba,
715 1429 757 1479 ‘ut
779 1441 798 1480 a
819 1422 926 1496 quovis
949 1428 1074 1478 auctore
1099 1419 1235 1478 adhiberi
1259 1420 1385 1494 possint,
1411 1419 1452 1476 ita
1476 1420 1568 1478 etiam

274 1534 345 1592 alibi
367 1534 451 1607 apud
472 1531 712 1607 Xenophontem
734 1547 890 1588 occurrere
913 1523 968 1606 (de
989 1547 1051 1605 rep.
1075 1529 1147 1588 Lac.
1170 1529 1198 1586 V
1222 1528 1262 1601 7).

374 1643 462 1701 Haec
486 1641 549 1706 fere
566 1649 636 1699 suut
651 1641 760 1718 quibus
776 1640 921 1698 commoti
942 1640 996 1696 viri
1017 1640 1101 1697 docti
1116 1639 1291 1714 Agesilaum
1313 1639 1447 1697 libellum
1463 1639 1567 1698 Xeno-

274 1752 382 1828 phonti
397 1752 636 1810 abiudicandum
659 1767 727 1808 esse
742 1758 935 1810 censuerunt.
971 1748 1036 1807 Nos
1052 1767 1123 1806 vero
1138 1758 1302 1824 postquam
1318 1750 1433 1826 singula
1450 1749 1568 1807 illorum

274 1871 454 1937 argumenta
469 1862 587 1937 integro
603 1861 717 1918 iudicio
733 1859 980 1930 examinavimus,
995 1858 1067 1918 nihil
1080 1860 1248 1920 invenimus
1263 1861 1348 1936 quod
1359 1859 1569 1935 Xenophonte

274 1972 432 2049 indignum
454 1972 499 2044 sit,
523 1971 664 2047 plurimas
680 1968 874 2028 difficultates
896 1970 963 2046 ipsa
984 1971 1115 2032 encomii
1137 1970 1233 2028 forma
1248 1969 1470 2045 expedivimus,
1493 1985 1567 2025 non-

273 2083 355 2140 nulla
377 2081 638 2157 deprehendimus
672 2080 783 2156 quibus
806 2080 984 2156 scriptorem
1010 2080 1126 2137 illorum
1156 2088 1326 2155 temporum
1355 2078 1569 2154 peritissimum

276 2191 371 2250 fuisse
391 2191 546 2267 probatur.

619 2433 635 2504 ἓ
659 2434 687 2494 3.
710 2433 835 2491 dictio
855 2441 912 2491 est
933 2433 1223 2510 Xenophontea.

376 2617 585 2677 Hartmannus
608 2619 638 2676 in
658 2619 718 2678 fine
747 2620 970 2678 dissertationis
993 2638 1084 2679 voces
1112 2620 1273 2679 nonnullas
1300 2621 1419 2693 adtulit,
1449 2639 1530 2698 quae
1552 2640 1569 2678 a

275 2727 492 2803 Xenophontis
530 2729 665 2794 dictione
699 2730 891 2791 abhorreant.
935 2730 983 2789 Ne
1015 2730 1074 2789 hoc
1106 2732 1230 2808 quidem
1263 2748 1411 2807 prospero
1447 2739 1569 2790 eventu.

277 2835 408 2895 Constat
427 2837 506 2894 inter
527 2856 635 2896 omnes
658 2838 872 2915 Xenophontis
894 2840 1006 2915 scripta
1027 2841 1180 2898 vocabulis
1207 2839 1318 2898 Ionicis
1341 2839 1462 2899 Doricis
1492 2846 1568 2916 poe-

275 2943 364 3006 tieis2
389 2941 472 3009 ἅπαξ
495 2943 671 3023 εἰρημένοι(
693 2967 773 3024 quae
795 2958 943 3008 vocantur
965 2950 1076 3008 referta
1099 2968 1178 3026 esse,
1200 2957 1294 3025 atque
1310 2923 1448 3008 Cobetus
1470 2967 1568 3025 nuper

275 3054 391 3129 optime
414 3055 489 3112 dixit
511 3049 562 3131 (N.
579 3053 613 3113 L.
630 3050 718 3129 389);
742 3050 814 3113 ‘non
836 3066 884 3115 est
897 3074 1009 3131 magno
1026 3074 1119 3133 opere
1141 3058 1310 3116 mirandum
1328 3058 1569 3134 Xenophontem

274 3165 305 3222 in
327 3172 390 3222 tam
413 3165 556 3222 diuturno
579 3165 685 3222 exsilio
708 3166 738 3221 in
761 3166 833 3223 Asia
854 3174 886 3223 et
909 3165 1126 3242 Peloponneso
1147 3168 1265 3243 patriae
1297 3169 1419 3243 linguae
1442 3169 1566 3227 sinceri·

275 3282 369 3332 tatem
391 3275 429 3332 ab
453 3275 536 3332 omui
550 3275 773 3350 peregrinitatis
796 3276 864 3334 labe
882 3277 1028 3333 intactam
1051 3294 1171 3334 servare
1194 3295 1256 3334 non
1275 3265 1432 3352 potuisse’.
1469 3280 1566 3336 Acce·

275 3384 320 3440 dit
343 3385 428 3457 quod
442 3382 641 3456 Xenophonti
660 3384 690 3441 in
705 3365 881 3442 laudatione
895 3387 1136 3444 demonstrativo
1152 3403 1266 3462 genere
1281 3388 1403 3444 dicendi
1419 3390 1568 3446 utendum

199 3499 203 3510 ’
275 3500 341 3550 erat
354 3488 375 3567 ³,
399 3493 483 3549 cuius
499 3491 638 3566 propriae
661 3502 731 3549 sunt
746 3511 836 3552 voces
859 3495 1049 3569 compositae
1064 3495 1156 3552 veluti
1176 3490 1400 3572 ἀναμάρτητος
1414 3493 1568 3573 ἀναμφιε-

276 3597 414 3676 βήτητοε
430 3595 625 3674 ἀείμνηετοε.
664 3603 748 3660 Aliae
764 3602 827 3661 eius
848 3605 969 3678 generis
986 3621 1078 3662 voces
1101 3621 1285 3682 quamquam
1305 3624 1368 3663 non
1393 3609 1432 3664 ab
1447 3608 1568 3683 optimis

274 3708 459 3766 adhibentur
490 3709 696 3784 scriptoribus,
726 3717 829 3767 tamen
850 3714 934 3787 apud
954 3713 1122 3771 Isocratem
1151 3714 1291 3788 leguntur
1313 3717 1405 3773 veluti
1433 3712 1568 3791 ἀνυπέρ-

177 3875 178 3884 ,
276 3817 390 3894 βλητοε
414 3815 542 3898 (Papeg.
568 3817 620 3893 71)
644 3814 907 3893 ὑπερβαλλόντως
931 3818 1032 3895 (Dem.
1050 3823 1097 3882 28.
1121 3823 1249 3882 Panath.
1274 3826 1302 3883 8.
1321 3827 1368 3885 72.
1385 3823 1457 3904 264)
1480 3823 1567 3902 ἐξαρ-

274 3924 416 3989 κούντως
440 3927 580 4000 (Panath.
603 3922 647 4005 8).
691 3928 752 3988 Sed
773 3947 813 3986 ne
846 3931 933 3989 iniis
966 3933 1090 4006 quidem
1112 3934 1238 3992 vocibus
1266 3952 1346 4009 quae
1377 3937 1461 4012 apud
1492 3937 1569 3994 alios

273 4113 472 4122 —-—--——

372 4224 382 4263 ¹
400 4228 527 4278 historiae
547 4229 664 4280 Graecae
686 4244 745 4295 pars
760 4229 844 4279 altera
862 4228 957 4297 (usque
975 4231 1008 4280 ad
1028 4232 1054 4280 V
1074 4231 1097 4292 1,
1117 4231 1152 4297 1),
1177 4232 1205 4282 in
1227 4249 1280 4299 qua
1298 4235 1391 4284 eadem
1411 4242 1471 4285 sunt
1488 4236 1569 4286 verba

271 4323 322 4392 (IV
340 4323 365 4393 3,
386 4324 441 4393 16),
461 4332 521 4374 ante
540 4341 655 4391 pugnam
675 4325 838 4376 Leuctricam
857 4328 929 4378 edita
947 4335 988 4378 est
1006 4345 1029 4380 v.
1049 4345 1074 4394 p.
1094 4327 1137 4381 27.

370 4418 451 4472 2huc
478 4423 563 4472 refero
590 4423 617 4472 Π
640 4422 673 4476 31
706 4425 818 4489 pretioue
845 4425 922 4478 λύειν
950 4424 991 4492 (ci.
1020 4426 1103 4491 Soph.
1127 4427 1160 4478 O.
1183 4428 1220 4478 R.
1243 4422 1318 4495 407),
1351 4427 1405 4477 VII
1429 4426 1447 4480 2
1472 4428 1569 4495 νόμοι(

271 4519 417 4587 λατρεύειν
436 4517 531 4588 (Soph.
552 4519 583 4571 0.
604 4519 634 4571 C.
654 4518 713 4572 105.
751 4522 811 4573 Eur.
831 4523 861 4570 Io
882 4521 941 4574 129.
969 4521 1052 4574 Isocr.
1072 4522 1135 4573 Hei.
1156 4520 1209 4589 57).

371 4610 610 4682 ⁸Xeuophontem
639 4617 667 4667 in
696 4618 814 4668 dictione
833 4618 966 4669 rhetorica
989 4634 1044 4668 non
1071 4619 1163 4669 rudem
1188 4617 1270 4669 fuisse
1299 4619 1378 4671 etiam
1405 4621 1569 4687 ‘respublica

271 4710 553 4762 Lacedaemoniorum'
572 4713 651 4763 docet
670 4727 737 4779 quae
756 4728 839 4780 prope
859 4714 935 4764 abest
954 4731 969 4765 a
987 4714 1142 4764 laudatione
1160 4714 1282 4781 Lycurgi.
