3588 5312
750 331 927 393 ..33-

192 510 270 572 ratio
292 511 425 572 habetur
445 505 473 587 (I
496 512 524 589 9,
548 511 566 568 2
589 526 656 586 sqq.
677 508 706 566 11
729 510 756 588 6,
782 509 818 568 16
842 505 931 587 sqq),
961 526 1065 587 neque
1088 509 1201 569 desunt
1224 508 1399 570 testimonia
1423 509 1494 570 rhe-

195 623 291 683 torica
314 618 390 702 (19,
413 623 462 683 29.
487 613 551 700 30).
595 619 690 696 Cyrus
722 619 789 696 ipse
810 637 885 695 puer
907 615 1118 697 εωφροεύνην
1139 620 1283 699 adquirit,
1313 621 1495 680 adolescens

195 728 347 807 ἀνδρείαν
369 737 503 804 exercet,
527 737 665 804 satrapes
693 727 792 786 factus
815 724 913 808 (οφὶᾳ
944 737 975 786 et
997 725 1178 812 δικαιοεύνῃ
1207 731 1315 789 ceteris
1348 717 1493 808 praestat.

194 841 289 901 Ducis
311 858 434 917 quoque
456 838 696 914 uniuscuiusque
717 838 817 914 imago
841 846 905 896 tam
927 847 1069 897 accurate
1093 840 1277 917 exprimitur,
1306 849 1340 898 ut
1361 839 1495 899 Proxeni

194 953 402 1021 ambitionem,
425 949 563 1008 Clearchi
594 949 727 1007 animum
757 949 899 1007 bellicum
927 958 960 1007 et
981 949 1155 1025 superbum,
1182 949 1323 1009 Menonis
1351 951 1494 1010 dolosum

195 1080 287 1122 nemo
309 1080 374 1120 non
395 1061 542 1120 memoria
564 1067 680 1118 teneat.
725 1059 893 1119 Primordia
919 1060 998 1119 haec
1020 1061 1090 1119 artis
1113 1061 1240 1119 vitarum
1266 1060 1494 1120 scribendarum

193 1190 263 1231 eam
284 1173 324 1230 ob
347 1189 471 1230 causam
492 1171 577 1227 haud
598 1169 683 1245 parvi
704 1170 853 1228 momenti
875 1188 943 1228 esse
959 1169 1032 1229 mihi
1054 1169 1204 1246 videntur,
1227 1171 1313 1246 quod
1335 1188 1373 1228 ex
1387 1169 1493 1228 Xeno-

193 1281 318 1359 phontis
341 1280 481 1355 exemplo
505 1279 554 1337 alii
576 1297 677 1337 rerum
699 1279 861 1355 scriptores
883 1279 1046 1338 utilitatem
1070 1288 1238 1354 ceperunt„
1266 1278 1418 1358 Ephorus,
1441 1280 1493 1356 qui

194 1392 328 1451 Socratis
358 1390 539 1465 discipulum
568 1389 730 1446 universali
762 1388 889 1447 historia
921 1390 1043 1447 vincere
1076 1389 1232 1468 studebat,
1254 1388 1494 1466 Xenophontem

193 1503 293 1578 ipsum
317 1508 439 1559 secutus
461 1518 562 1558 rerum
583 1507 738 1574 gestarum
759 1501 890 1557 conexui
912 1501 1054 1558 encomia
1075 1501 1211 1559 inseruit.

296 1610 491 1688 Cyropaedia
512 1627 576 1668 non
598 1617 646 1667 est
661 1610 856 1686 neglegenda
877 1619 1004 1686 propter
1019 1609 1146 1669 formam
1170 1627 1231 1686 qua
1247 1610 1423 1685 composita
1438 1616 1494 1669 est.

195 1721 351 1780 Summum
373 1721 455 1778 enim
477 1738 539 1798 quo
561 1720 665 1777 omnia
688 1720 820 1778 tendunt
841 1737 905 1777 non
933 1729 981 1777 est
1003 1729 1145 1779 accurata
1168 1738 1268 1783 rerum
1297 1738 1315 1777 a
1338 1718 1418 1794 Cyro
1440 1737 1494 1795 ge·

196 1839 310 1890 starum
338 1830 490 1889 enarratio
512 1831 569 1888 sed
597 1829 788 1888 educationis
812 1827 1031 1904 Spartiatarum
1059 1829 1195 1887 laudatio
1225 1847 1282 1887 nec
1310 1847 1373 1886 non
1403 1828 1495 1887 disci-

193 1941 295 2017 plinae
318 1941 491 1999 Socraticae
514 1942 556 1999 ad
578 1940 657 2014 regis
681 1939 806 1998 ducisve
829 1958 956 1998 munera
985 1941 1245 2000 adcommodatio.
1297 1939 1494 2015 Quamquam

195 2051 285 2126 igitur
306 2057 519 2126 argumentum
535 2049 634 2125 ipsum
654 2067 718 2107 non
741 2059 790 2108 est
805 2049 875 2126 Cyri
895 2051 977 2107 vitae
995 2048 1160 2124 descriptio
1183 2066 1285 2124 neque
1300 2048 1493 2124 dialogorum

194 2177 338 2218 numerus
360 2159 433 2217 satis
447 2176 577 2234 magnus
593 2159 635 2216 ad
653 2175 852 2234 personarum
872 2176 974 2217 mores
993 2158 1196 2217 delineandos
1218 2157 1347 2215 multum
1365 2157 1493 2227 confert,

198 2275 302 2327 tamen
324 2287 343 2326 a
358 2267 428 2344 Cyri
450 2287 565 2344 genere
586 2269 661 2326 liber
674 2268 781 2345 incipit
804 2277 835 2325 et
857 2286 954 2344 usque
977 2269 1018 2325 ad
1033 2275 1164 2326 mortem
1186 2267 1252 2324 eius
1268 2273 1351 2324 certa
1374 2265 1493 2323 ratione

194 2379 380 2454 perducitur.
425 2378 515 2451 Quae
537 2378 603 2436 libri
626 2377 722 2438 forma
744 2395 782 2436 eo
804 2379 926 2437 maioris
942 2387 991 2437 est
1011 2377 1168 2449 momenti,
1192 2377 1277 2453 quod
1300 2382 1372 2432 ante
1388 2374 1493 2432 Xeno·

194 2486 343 2562 phontem
366 2485 434 2562 Cyri
455 2504 589 2562 persona
610 2486 698 2563 quasi
721 2486 797 2545 alter
818 2485 969 2544 Hercules
992 2488 1031 2544 ab
1053 2485 1237 2545 Antisthene
1260 2485 1390 2562 dialogis
1413 2485 1493 2544 cele·

193 2597 282 2654 brata
303 2597 377 2654 eratss
422 2595 542 2669 Quodsi
564 2596 618 2654 viri
641 2591 749 2654 doctil
772 2595 996 2672 Cyropaediam
1020 2616 1038 2654 a
1062 2596 1143 2654 libris
1176 2595 1326 2654 historicis
1348 2614 1494 2671 separan-

195 2706 269 2763 dam
292 2723 361 2764 esse
384 2713 579 2780 censuerunt,
602 2707 707 2782 paucis
731 2706 815 2764 iuvat
837 2707 1050 2765 demonstrare
1071 2724 1140 2764 eam
1164 2707 1272 2765 iisdem
1294 2706 1494 2782 conspicuam

192 2832 264 2872 esse
283 2815 372 2892 vitiis,
405 2816 515 2890 quibus
547 2816 685 2875 laudatio
718 2834 854 2874 arerum
886 2816 1013 2874 historia
1038 2801 1147 2876 differt.
1191 2815 1380 2892 Temporum
1414 2817 1492 2874 ratio

190 2923 278 2981 nullo
299 2925 394 2982 modo
416 2925 604 2986 observatur.
647 2923 756 3002 Neque
778 2926 859 2984 enim
883 2926 1045 3001 quisquam
1068 2925 1310 3001 Xenophontem
1342 2927 1494 2984 concedet

192 3033 328 3108 scivisse,
355 3044 431 3111 quot
453 3052 550 3095 annos
574 3034 669 3112 Cyrus
691 3036 722 3093 in
743 3030 880 3116 παίδων,
902 3031 1080 3111 προεήβων,
1103 3031 1236 3112 ἐφήβων
1258 3053 1386 3093 numero
1408 3035 1492 3093 insti-

192 3154 279 3204 tutus
302 3146 349 3205 sit.
391 3143 488 3203 Irnmo
511 3146 645 3203 eandem
667 3146 730 3203 fere
751 3162 915 3221 puerorum
937 3146 1155 3203 educationem
1186 3145 1217 3202 in
1238 3145 1314 3201 libro
1337 3145 1378 3201 de
1401 3162 1492 3220 repu-

192 3255 273 3312 blica
294 3255 612 3314 Lacedaemoniorum
636 3256 830 3332 {explicatam
857 3255 991 3314 videbis:
1033 3253 1128 3332 Cyrus
1159 3255 1302 3313 videlicet
1335 3262 1369 3311 ut
1399 3253 1493 3312 homo

195 3363 332 3423 Graecus
355 3365 483 3442 Spartae
513 3368 665 3424 educatus
701 3364 885 3441 depingitur.
928 3366 990 3423 Sed
1014 3383 1117 3423 nonne
1147 3366 1178 3423 in
1207 3383 1305 3423 rerum
1339 3372 1492 3441 gestarum

193 3475 367 3533 narratione
389 3494 461 3534 suus
485 3477 594 3552 cuique
617 3475 701 3533 facto
725 3476 916 3533 constituitur
939 3474 1025 3534 dies?
1050 3468 1277 3545 'Constituitun
1304 3491 1343 3532 eo
1367 3472 1494 3549 quidem

194 3582 334 3659 consilio,
363 3591 396 3640 ut
425 3593 568 3643 accurata
602 3585 749 3659 temporis
777 3585 915 3642 definitio
938 3585 1035 3660 qualis
1064 3585 1096 3643 in
1119 3579 1190 3659 Cyri
1212 3584 1336 3642 minoris
1368 3582 1493 3658 expedi·

194 3692 279 3749 tione
302 3700 403 3776 exstat
431 3695 566 3769 speciem
596 3694 744 3769 praebeat
776 3694 960 3752 narrationis
987 3713 1024 3753 ex
1051 3695 1173 3770 optimis
1199 3693 1334 3751 fontibus
1359 3691 1494 3751 haustae.

194 3801 229 3859 E.
264 3820 307 3877 gr.
342 3800 437 3877 Cyrus
470 3819 531 3860 uno
566 3803 616 3860 die
650 3802 681 3860 in
710 3802 885 3861 Chaldaeos
917 3803 1096 3879 profiscitur,
1131 3804 1292 3863 castellum
1325 3803 1356 3860 in
1388 3809 1494 3859 monte

193 3913 302 3979 munit,
340 3910 566 3970 Chaldaeorum
607 3914 745 3988 captivos
791 3921 826 3971 ut
866 3932 935 3971 cum
974 3914 1036 3972 suis
1091 3915 1131 3972 de
1169 3931 1248 3990 pace
1290 3913 1495 3970 deliberarent

192 4022 305 4079 domos
328 4022 430 4091 mittit,
465 4040 603 4080 reversos
636 4023 667 4079 in
689 4022 853 4081 amicitiam
889 4033 919 4082 et
946 4025 1126 4082 societatem
1158 4023 1275 4099 recipit,
1308 4023 1428 4097 legatos
1452 4020 1493 4078 ad

192 4129 287 4190 lndos
319 4132 418 4193 mittit.
469 4129 602 4190 Omnino
633 4132 725 4190 verba
768 4133 807 4212 τῇ
843 4133 871 4192 δ’
905 4128 1054 4214 ὑετεραίᾳ
1088 4141 1153 4191 tum
1185 4133 1318 4189 maxime
1352 4130 1494 4204 leguntur

196 4257 265 4298 cnm
287 4243 425 4300 convivio
449 4243 552 4317 aliquo
580 4242 662 4300 iacto
687 4242 733 4300 vel
753 4241 814 4300 alia
836 4244 1001 4301 occasIone
1024 4245 1098 4300 data
1119 4242 1238 4318 vesperi
1266 4240 1382 4300 mentio
1405 4247 1492 4296 ante-

194 4349 287 4410 cedit.
331 4352 448 4410 Notatu
470 4371 541 4410 vero
565 4353 689 4428 dignum
711 4361 759 4410 est
780 4352 882 4410 fictam
903 4353 984 4409 illam
1005 4360 1176 4428 temporum
1198 4350 1408 4408 definitionem
1429 4364 1494 4405 non

192 4504 392 4518 ————-

283 4596 295 4635 ¹
313 4601 373 4652 vide
391 4603 518 4655 Aristidis
537 4603 650 4656 rhetoris
669 4601 796 4655 iudicium
816 4619 858 4671 ap.
877 4602 1001 4670 Spengel.
1019 4599 1038 4656 l.
1058 4617 1081 4656 c.
1097 4599 1125 4652 11
1143 4598 1196 4656 525
1207 4616 1247 4668 sq.
1288 4599 1411 4652 Ceterum
1430 4611 1493 4648 con·

192 4695 291 4749 seratur
308 4699 395 4752 Bauer
413 4701 441 4751 in
460 4703 524 4753 actis
543 4704 616 4755 acad.
637 4703 755 4756 Vindob.
779 4701 858 4756 1882.

1276 4807 1294 4870 3
