3588 5312
791 389 968 444 ..21-

232 570 357 628 ineunte
378 569 459 628 bello
482 564 758 647 (1114,11)haud
780 571 884 646 cupidi
907 570 1025 628 fuerant
1047 571 1214 647 pugnandi.
1250 571 1358 631 Paucis
1381 591 1453 632 vero
1476 592 1529 632 so·

231 679 345 737 ciorum
377 697 454 755 quos
485 695 589 736 secum
612 681 759 738 ducturus
790 689 856 738 erat
878 679 1080 756 Herippidam
1103 680 1257 756 praefecit,
1293 680 1448 759 Cyriorum
1471 685 1530 741 du-

231 806 307 860 cem,
347 789 440 845 virum
476 798 598 865 praeter
631 797 752 848 ceteros
792 785 940 847 fidelem1
969 791 1145 866 gloriaeque
1172 791 1399 865 cupidissimum
1411 787 1433 848 2.
1478 794 1528 850 Sic
1613 829 1621 840 =

231 899 422 956 enuntiatum
455 894 521 974 (Ag.
543 899 574 958 ΙΙ
598 895 648 975 11)
682 901 919 973 intellegendum
954 890 1022 958 esse
1056 917 1179 959 censeo.
1218 932 1252 941 -
1294 899 1396 958 Verba
1423 911 1527 960 autem

232 1002 374 1080 ἐξενάγει
396 1007 520 1070 ξενικοῦ
543 1005 630 1082 (Hell.
651 1007 694 1065 IV
720 1011 746 1078 3,
773 1005 822 1083 15)
846 1018 878 1066 ut
901 1011 1094 1085 explicemus,
1119 1011 1247 1085 primum
1269 1014 1458 1069 monendum
1481 1021 1530 1070 est

231 1119 381 1175 sociorum
397 1135 518 1192 quoque
534 1118 630 1193 copiis
646 1135 768 1194 semper
783 1117 967 1194 Spartiatam
988 1120 1145 1192 quendam
1167 1117 1303 1191 ξεναγὸν
1324 1120 1490 1195 praefuisse
1502 1118 1528 1191 8;
1597 1100 1601 1109 ¹

233 1238 297 1287 tum
327 1228 417 1284 sociis
441 1228 498 1285 illis
526 1245 625 1302 aeque
648 1245 685 1285 ac
705 1225 800 1302 Cyriis
823 1229 1008 1303 stipendium
1032 1230 1062 1285 in
1086 1229 1158 1286 Asia
1178 1229 1408 1304 persolvebatur
1427 1248 1490 1287 non
1511 1249 1529 1287 a

232 1339 403 1397 civitatibus
426 1339 542 1414 patriis,
563 1355 642 1415 quae
667 1346 721 1396 aut
743 1339 923 1395 deiecerant
945 1348 997 1395 aut
1021 1340 1104 1414 ipsae
1126 1355 1223 1396 novas
1239 1339 1344 1414 copias
1366 1339 1531 1398 instructu·

230 1467 281 1505 rae
304 1458 400 1520 erant,
425 1449 482 1506 sed
504 1449 542 1505 ab
565 1447 717 1523 Agesilao,
757 1448 876 1505 Eodem
899 1448 989 1521 igitur
1012 1448 1075 1504 iure
1099 1448 1299 1505 mercennarii
1321 1448 1363 1504 illi
1385 1458 1530 1524 poterant

229 1560 332 1617 vocari
355 1575 416 1633 quo
441 1557 520 1631 Cyrii
548 1558 702 1633 ceterique
729 1574 807 1633 quos
831 1557 992 1631 Agesilaus
1022 1558 1165 1614 mercede
1197 1558 1368 1614 conductos
1396 1576 1434 1614 ex
1457 1561 1531 1617 Asia

231 1685 335 1725 secum
366 1667 509 1726 ducebat.
554 1666 688 1725 Omnino
715 1685 778 1723 rem
806 1666 1035 1741 stipendiariam
1063 1668 1123 1723 iam
1146 1667 1306 1740 Agesilaus
1330 1669 1412 1725 vario
1435 1670 1530 1726 modo

233 1776 380 1837 adhibuit.
424 1775 563 1834 Praemia
592 1777 734 1834 militibus
765 1777 825 1832 iam
848 1777 944 1834 altero
967 1777 1140 1833 bellianno
1163 1773 1277 1848 (1114,
1303 1775 1354 1851 16)
1376 1780 1530 1853 proponit,

234 1887 376 1944 divitibus
397 1895 430 1943 ut
452 1886 557 1943 militia
580 1903 613 1942 se
629 1885 749 1943 solvant
764 1887 918 1960 permittit,
941 1886 972 1956 in
984 1887 1139 1961 Europam
1154 1886 1304 1943 rediturus
1320 1887 1429 1944 iterum
1444 1905 1533 1962 prae·

232 1997 293 2054 mia
322 1995 470 2053 exercitui
496 1995 648 2071 proponit.
693 1990 798 2065 Quid?
832 1997 917 2070 quod
943 1996 1088 2068 Agesilao
1117 2011 1239 2051 reverso
1267 1996 1370 2052 statim
1399 1998 1531 2054 maiores

233 2105 512 2162 mercennariorum
526 2122 635 2162 manus
648 2104 802 2180 Iphicrate
818 2105 899 2162 duce
914 2104 1173 2179 deprehendimus
1189 2104 1246 2178 (IV
1262 2110 1289 2174 4,
1305 2107 1332 2166 9.
1348 2104 1411 2180 14),
1427 2124 1529 2182 neque

235 2215 330 2272 multo
346 2225 418 2289 post
430 2212 646 2289 Peloponnesii
663 2214 771 2271 milites
787 2215 931 2272 mercede
947 2215 1121 2271 conducere
1137 2215 1359 2272 constituerunt
1374 2213 1414 2291 (V
1427 2217 1455 2285 2,
1468 2217 1532 2288 21).

233 2325 432 2382 Enuntiatum
464 2324 554 2398 igitur
586 2325 771 2382 laudationis
804 2341 868 2381 non
890 2324 989 2381 solum
1011 2342 1080 2382 cum
1102 2323 1246 2382 historiae
1272 2323 1411 2382 Graecae
1434 2326 1533 2384 verbis

236 2434 350 2510 optime
376 2434 532 2491 consentit
554 2435 609 2492 sed
642 2436 733 2491 etiam
757 2451 775 2490 a
797 2433 936 2509 sophista
965 2436 1102 2508 quodam
1134 2433 1252 2491 illorum
1281 2442 1453 2510 temporum
1480 2437 1533 2493 im-

236 2544 333 2620 perito
349 2560 412 2601 non
427 2552 549 2619 poterat
569 2542 652 2602 addi.
668 2573 708 2584 —
723 2543 856 2601 Maxime
872 2543 1031 2600 offendunt
1055 2544 1085 2599 in
1109 2544 1152 2600 eis
1174 2544 1247 2601 locis
1271 2542 1379 2618 quibus
1401 2545 1534 2619 Agesilai

232 2672 281 2712 res
316 2662 424 2729 gestae
455 2671 552 2730 usque
584 2655 624 2710 ad
654 2671 787 2728 pugnam
817 2655 859 2711 ad
887 2653 1077 2710 Mantineam
1107 2655 1301 2712 commissam
1323 2673 1342 2712 a
1373 2655 1533 2713 laudatore

231 2765 326 2840 ipsius
341 2763 440 2820 verbis
457 2771 617 2820 narrantur
633 2759 703 2838 (Ag.
715 2764 743 2821 ΙΙ
757 2766 797 2824 20
810 2758 898 2841 sqq).
931 2762 994 2820 Sed
1016 2765 1193 2839 priusquam
1214 2764 1333 2839 singula
1355 2772 1532 2840 tractemus,

231 2874 263 2931 in
284 2873 459 2930 memoriam
483 2890 660 2931 revocemus
683 2873 775 2931 haec:
802 2891 906 2949 pugna
927 2875 968 2931 ad
991 2871 1163 2931 Coroneam
1185 2874 1348 2930 commissa
1370 2874 1530 2948 Agesilaus

233 2982 397 3042 Corinthiis
415 2982 623 3040 Acamanibus
645 2985 840 3059 maximeque
863 2983 988 3040 Boeotis
1013 2983 1124 3040 bellum
1150 2981 1261 3040 inferre
1288 3000 1454 3058 numquam
1477 2986 1536 3042 de·

233 3094 353 3152 sinebat
376 3093 575 3169 omniumque
596 3093 906 3152 inLacedaemonios
922 3094 1028 3150 odium
1049 3093 1080 3150 in
1103 3094 1170 3150 dies
1193 3079 1292 3165 magis
1314 3092 1458 3166 augebat.
1495 3093 1554 3152 Ei-

233 3211 338 3262 autem
360 3203 412 3279 qui
434 3201 610 3278 Agesilaum
632 3209 698 3259 erat
720 3201 899 3259 laudaturus
919 3219 982 3258 non
1005 3201 1103 3258 solum
1118 3201 1290 3258 cavendum
1312 3208 1386 3276 erat,
1409 3217 1447 3256 ne
1463 3217 1535 3275 pec·

234 3321 304 3371 cata
327 3313 392 3370 eius
414 3320 559 3382 narraret,
582 3312 639 3368 sed
661 3312 753 3368 etiam
775 3312 867 3371 rebus
890 3310 1026 3369 adversis
1042 3310 1203 3385 Agesilaus
1227 3325 1348 3384 semper
1371 3308 1434 3363 dux
1455 3308 1536 3384 peri·

233 3423 369 3480 tissimus
391 3422 572 3498 patriaeque
595 3420 817 3479 amantissimus
841 3419 1045 3477 celebrandus
1068 3426 1142 3479 erat.

334 3531 368 3590 ΙΙ
391 3533 428 3590 21
453 3530 596 3588 laudator
623 3531 770 3587 erravisse
798 3529 916 3598 dicitur,
944 3529 1030 3603 quod
1052 3526 1226 3585 Corinthios
1252 3535 1284 3584 et
1305 3525 1475 3584 Thebanos
1498 3527 1537 3584 ab

236 3641 379 3716 Agesilao
407 3658 489 3697 anno
516 3641 577 3699 387
607 3648 733 3698 coactos
757 3657 825 3696 esse
848 3639 949 3710 tradit,
982 3646 1016 3696 ut
1050 3638 1170 3695 exsules
1203 3644 1391 3695 revocarent.
1435 3636 1471 3693 In
1494 3635 1536 3692 hi-

235 3752 329 3808 storia
362 3749 444 3808 enim
476 3748 597 3807 Graeca
625 3745 667 3826 (V
693 3753 719 3820 1,
744 3751 782 3808 33
797 3744 853 3824 sq.)
882 3748 1009 3824 legimus
1032 3746 1200 3805 Thebanos
1228 3747 1350 3823 oppidis
1379 3747 1536 3820 occupatis

233 3861 406 3918 libertatem
428 3859 612 3935 reddidisse,
635 3856 810 3916 Corinthios
832 3858 952 3915 exsules
974 3857 1175 3917 revocavisse.
1221 3856 1283 3914 Sed
1305 3857 1365 3913 iam
1385 3852 1537 3913 Grotius4

235 3968 425 4045 probabilem
448 3967 522 4026 fecit
546 3968 754 4024 coniecturam
777 3966 996 4024 Tbebanorum
1019 3983 1142 4041 quoque
1165 3964 1286 4023 exsules
1310 3983 1379 4022 cum
1392 3964 1537 4040 Agesilao

236 4079 351 4149 fuisse;
390 4095 491 4153 neque
524 4076 750 4151 curXenopho
772 4076 924 4150 idipsum
945 4075 1005 4133 hoc
1029 4076 1097 4132 loco
1128 4074 1254 4148 elegerit
1277 4073 1399 4131 difficile
1423 4083 1471 4132 est
1494 4075 1534 4132 ad

236 4188 495 4262 intellegendum:
519 4186 622 4246 omnia
644 4187 724 4245 enim
745 4185 938 4261 paragrapho
962 4187 999 4243 21
1024 4185 1066 4242 ad
1086 4179 1286 4260 φιλεταιρίαν
1299 4183 1434 4258 Agesilai
1456 4183 1505 4240 rel
1521 4213 1533 4224 -

340 4437 549 4499 1Ηε11.ΠΙ4,
569 4438 594 4492 6.
614 4437 656 4491 20.
694 4439 735 4488 Ν
753 4435 779 4502 2,
798 4434 823 4489 8.
842 4435 869 4496 8,
890 4434 932 4488 11.

340 4531 409 4587 ²1v
429 4535 451 4596 1,
471 4534 514 4589 21.
542 4534 630 4595 3,17.

338 4628 487 4699 ³Thucyd.
505 4632 534 4682 11
552 4630 595 4686 75.
632 4628 854 4698 Hell.1115,'l.
882 4631 924 4682 IV
942 4627 1137 4691 2,19.3,17.
1166 4628 1193 4679 V
1212 4625 1238 4696 2,
1257 4625 1282 4680 7.
1310 4627 1366 4678 v11
1384 4625 1411 4687 2,
1431 4624 1457 4680 3.
1528 4699 1531 4706 .

336 4724 430 4781 *hist
450 4725 539 4781 Graec.
559 4744 585 4794 p.
604 4726 665 4783 538.
