3588 5312
785 381 958 436 ...27-

329 559 491 618 Praeterea
516 566 660 636 quattuor
689 560 764 618 locis
791 558 818 634 (Ι
835 563 874 621 32
897 561 968 622 112.
986 563 1012 620 3.
1030 554 1082 638 12)
1107 561 1138 619 in
1161 529 1303 652 Age⁸silao
1326 556 1455 622 ἕπεεθαι
1477 562 1523 619 vel

229 665 411 746 ἑφὲπεεθαι,
434 671 526 728 semel
547 667 643 746 μείων
666 668 692 745 (Ι
714 667 776 748 13),
800 672 845 728 bis
866 665 1009 756 ἀμφίῌΙ
1031 673 1058 730 3.
1082 665 1115 748 4)
1139 671 1275 746 legimus,
1299 689 1367 728 cum
1388 671 1521 730 Helleni·

228 796 333 836 corum
350 788 512 838 contextus
528 775 717 842 ἀκολουθεῖν
734 776 834 854 (1114,
856 784 895 841 24
918 781 964 840 IV
983 783 1011 858 3,
1027 783 1054 841 3.
1071 782 1099 840 5.
1118 774 1169 858 19)
1192 775 1332 841 ἐλάττων
1354 779 1453 856 (1114,
1471 776 1521 857 11)

229 885 302 963 περὶ
317 888 374 963 (IV
391 893 419 968 3,
436 892 464 948 6.
481 889 513 964 8)
530 891 686 965 praebeat.
715 891 763 948 An
779 892 975 949 haecomnia
991 909 1064 948 casu
1081 891 1161 948 facta
1178 909 1246 948 esse
1261 887 1371 964 putas?
1397 890 1522 948 Minime

229 1015 309 1054 vero,
345 998 501 1074 Xenopho
523 1002 686 1076 postremis
710 1003 790 1059 vitae
815 1002 901 1060 annis
925 1001 1082 1059 historiam
1098 1000 1251 1058 Graecam
1268 1001 1372 1057 denuo
1387 1007 1521 1057 tractans

229 1107 260 1163 in
287 1125 324 1164 eo
347 1125 471 1183 quoque
493 1126 619 1184 operam
640 1111 781 1184 posuisse
801 1111 930 1182 videtur,
962 1118 995 1167 ut
1022 1110 1144 1184 linguae
1167 1110 1289 1168 Atticae
1318 1111 1522 1167 sinceritatem

229 1225 423 1292 recuperaret
433 1215 454 1277 1.
477 1219 514 1276 In
530 1217 725 1295 Cyropaedia
741 1221 866 1278 enimet
884 1220 1019 1277 Anabasi
1033 1220 1159 1277 verbum
1172 1214 1363 1280 ἀκολουθεῖν
1374 1219 1523 1276 rarissime
1565 1251 1568 1260 ‚

228 1326 367 1398 occurrit,
404 1328 582 1401 saepissime
616 1325 779 1404 ἕπεεθαῑί,
812 1348 881 1388 cum
915 1330 945 1386 in
974 1329 1202 1388 Hellenicorum
1234 1339 1322 1404 parte
1354 1329 1524 1405 posteriore

230 1431 384 1510 (V-VII)
408 1431 535 1497 ἕπεεθαι
565 1457 686 1508 novem,
716 1433 909 1499 ἀκολουθεῖν
939 1438 1061 1514 triginta
1083 1456 1137 1495 sex
1158 1438 1230 1496 locis
1254 1439 1399 1513 legamus.
1445 1438 1524 1496 Satis

229 1561 301 1601 vero
328 1546 523 1604 memorabile
554 1556 601 1604 est
629 1547 797 1606 Isocratem
825 1550 951 1605 verbum
978 1543 1106 1609 ἕπεεθαι
1136 1549 1260 1606 omnino
1282 1565 1345 1605 non
1367 1547 1523 1608 adhibere.

228 1652 315 1710 Idem
338 1655 377 1710 de
400 1655 523 1714 vocibus
556 1651 637 1732 ἀμφὶ
669 1653 749 1732 περί,
783 1653 927 1718 ἐλάττων
958 1654 1054 1734 μείων
1084 1658 1252 1715 dicendum
1285 1665 1340 1718 est.
1382 1652 1463 1733 ἀμφὶ
1492 1659 1523 1716 in

229 1765 391 1838 postremis
411 1765 556 1824 historiae
571 1767 710 1825 Graecae
732 1768 812 1825 libris
842 1787 906 1825 non
928 1786 1022 1844 saepe
1045 1776 1153 1844 exstat,
1177 1785 1285 1825 vocem
1306 1762 1402 1842 μείων
1424 1785 1525 1843 neque

231 1872 420 1950 Thucydidis
436 1875 581 1934 Isocratis
597 1877 732 1934 Platonis
749 1877 863 1953 scripta
878 1897 979 1954 neque
995 1878 1139 1936 historiae
1151 1877 1291 1936 Graecae
1302 1879 1367 1935 libri
1378 1879 1525 1953 postremi

231 1982 385 2045 exhibent.
430 1984 488 2041 Pro
513 1994 595 2043 certo
612 1987 700 2062 igitur
714 1988 784 2044 licet
801 1987 961 2044 adfirmare
977 1988 1114 2063 Agesilai
1130 1996 1309 2045 contextum
1328 1986 1428 2062 (capp.
1444 1984 1523 2050 1.11t

233 2094 434 2168 antiquiorem
457 2112 525 2152 esse
548 2113 641 2170 quam
663 2096 808 2154 historiae
832 2097 979 2157 Graecae.
1018 2096 1108 2169 Quae
1126 2115 1195 2155 cum
1210 2098 1253 2155 ita
1268 2098 1338 2167 sint,
1363 2097 1526 2172 Agesilaus

231 2209 282 2258 aut
305 2221 324 2258 a
346 2202 554 2280 Xenophonte
576 2207 705 2282 scriptus
728 2215 777 2264 est
798 2215 851 2265 aut
873 2239 909 2247 -
934 2209 1061 2264 duarum
1083 2207 1226 2265 historiae
1249 2206 1387 2264 Graecae
1417 2205 1525 2264 editio·

231 2328 305 2368 num
341 2313 424 2388 prior
456 2333 474 2372 a
505 2315 626 2372 rhetore
656 2317 793 2392 quodam
827 2317 937 2374 callido
970 2318 1011 2373 ad
1041 2317 1250 2374 laudationem
1277 2318 1526 2392 componendam

233 2420 370 2480 adhibita
391 2431 447 2482 est.
499 2423 701 2483 Rosenstilius
724 2428 804 2483 enim
826 2421 856 2503 (l.
874 2421 911 2502 c.)
934 2427 964 2482 in
987 2435 1157 2483 ceterorum
1180 2426 1221 2482 de
1243 2425 1389 2501 Agesilao
1411 2426 1525 2483 iudicio

230 2531 428 2606 acquiescens
450 2533 495 2589 sic
516 2535 726 2594 ratiocinatur:
751 2535 1004 2610 quandoquidem
1026 2535 1166 2593 laudatio
1184 2534 1320 2610 Agesilai
1344 2536 1445 2610 spuria
1470 2543 1525 2605 est,

232 2649 396 2698 contextus
423 2650 526 2700 autem
556 2643 621 2701 eius
649 2645 801 2719 antiquior
826 2663 918 2720 quam
949 2644 1091 2702 historiae
1120 2643 1269 2712 Graecae,
1300 2643 1526 2701 Hellenicorum

231 2749 281 2806 illa
303 2769 372 2826 pars
396 2753 442 2810 bis
466 2753 551 2811 edita
572 2754 610 2811 sit
631 2772 759 2812 necesse
783 2763 844 2831 est;
879 2757 1012 2829 priorem
1039 2772 1131 2829 quam
1158 2755 1265 2811 statuit
1287 2753 1456 2811 editionem
1479 2771 1527 2810 res

230 2868 333 2933 gestas
356 2879 454 2936 usque
478 2863 519 2921 ad
542 2863 725 2921 Antalcidae
747 2883 856 2940 pacem
878 2865 1066 2922 continuisse
1082 2873 1197 2923 censet.
1228 2863 1290 2921 Sed
1304 2863 1441 2937 quamvis
1457 2882 1527 2939 pro·

230 2970 333 3029 babile
354 2971 427 3028 mihi
450 2990 572 3047 quoque
595 2974 633 3030 sit
655 2973 800 3032 historiae
813 2973 952 3032 Graecae
967 2982 1087 3050 partem
1109 2974 1193 3030 haud
1215 2975 1308 3031 multo
1331 2981 1403 3049 post
1416 2990 1526 3048 pacem

233 3080 416 3138 Antalcidae
439 3080 584 3139 Scillunte
606 3101 625 3139 a
647 3083 854 3160 Xenophonte
878 3084 1020 3159 scriptam
1050 3083 1202 3158 longeque
1226 3083 1285 3140 alia
1308 3081 1412 3160 forma,
1436 3101 1527 3159 quam

231 3207 310 3264 quae
334 3192 421 3247 nobis
445 3192 557 3248 tradita
580 3200 637 3268 est,
662 3193 779 3250 editam
800 3211 878 3260 esse,
903 3202 1006 3251 tamen
1029 3192 1217 3250 Rosenstilio
1239 3210 1303 3249 non
1324 3208 1450 3268 possum
1473 3193 1528 3250 ad·

231 3299 333 3356 sentiri
360 3301 444 3375 quod
476 3301 644 3376 sophistam
667 3305 822 3377 quendam
849 3304 949 3378 priore
972 3302 1021 3360 illa
1044 3303 1180 3361 editione
1202 3302 1243 3358 ad
1266 3302 1443 3376 Agesilaum
1465 3302 1527 3360 lau·

232 3409 369 3466 dandum
392 3409 521 3467 abusum
543 3428 612 3468 esse
630 3421 750 3470 censet.
790 3412 847 3470 Ille
869 3414 1001 3486 quidem,
1024 3421 1057 3469 ut
1074 3413 1259 3470 sententiam
1278 3429 1364 3470 suam
1386 3410 1527 3481 firmaret,

231 3526 360 3574 conatus
376 3527 424 3574 est
440 3519 649 3578 demonstrare
665 3522 795 3578 encomii
811 3522 988 3597 scriptorem
1008 3522 1082 3579 inde
1099 3542 1117 3581 a
1131 3523 1214 3582 1121
1238 3519 1269 3595 (i.
1284 3541 1310 3582 e.
1331 3529 1403 3596 post
1417 3539 1528 3597 pacem

232 3627 413 3684 Antalcidae
436 3626 606 3704 historiam)
627 3630 776 3688 Graecam
799 3648 920 3704 prorsus
945 3632 1093 3705 ignorare.

331 3733 434 3792 Verba
468 3731 573 3811 εὑρὼν
607 3735 642 3798 δὲ
676 3733 984 3815 ἀποτεταφρευμένα
1017 3737 1069 3800 καὶ
1098 3735 1368 3816 ἀπεκταυρωμένα
1400 3735 1528 3802 ἅπαντα

231 3841 277 3919 (Π
294 3847 332 3902 22
346 3867 385 3894 =
398 3845 478 3904 Hell.
495 3845 524 3901 V
540 3849 569 3924 4,
587 3844 639 3924 38)
661 3857 692 3906 et
714 3844 857 3924 ὑπερβὰς
880 3846 920 3909 τὰ
941 3846 1023 3910 κατὰ
1038 3849 1170 3911 Σκῶλον
1192 3847 1404 3927 εταυρώματα
1426 3845 1526 3929 (1122

233 3977 271 4002 =
287 3953 366 4012 Hell.
390 3953 419 4010 V
441 3957 469 4029 4,
493 3953 547 4032 49)
571 3976 640 4014 eam
668 3960 707 4015 ob
730 3977 852 4016 causam
877 3961 909 4016 in
930 3960 1074 4034 Agesilao
1098 3977 1222 4036 quoque
1246 3961 1305 4034 legi
1326 3968 1421 4035 putat,
1444 3960 1528 4034 quod

232 4064 417 4122 munitiones
439 4065 517 4123 istae
540 4067 682 4124 omnibus
705 4068 822 4124 illorum
841 4077 1013 4144 temporum
1029 4068 1202 4126 hominihus
1217 4069 1394 4128 notissimae
1409 4068 1527 4126 fuerint.

232 4171 453 4232 Contradicere
474 4175 558 4243 nolo,
582 4193 766 4250 quamquam
780 4177 910 4234 dubitari
925 4187 1037 4253 potest,
1055 4197 1127 4236 num
1143 4180 1327 4236 munitiones
1342 4177 1409 4234 illae
1425 4195 1452 4238 a.
1467 4178 1526 4236 378

232 4281 332 4339 factae
355 4284 448 4340 etiam
470 4293 542 4359 post
559 4283 695 4360 Agesilai
710 4294 840 4342 mortem
862 4294 926 4344 tam
948 4295 1042 4344 notae
1066 4287 1176 4344 suerint
1198 4303 1299 4360 neque
1315 4286 1438 4342 omnino
1455 4303 1526 4343 eva·

332 4527 469 4582 ¹uberius
493 4533 526 4582 de
553 4533 603 4582 hac
630 4549 659 4582 re
688 4534 756 4583 dixit
781 4534 962 4584 Rosenstilius
985 4534 1013 4583 in
1044 4534 1229 4586 dissertatione
1261 4530 1309 4584 ‘de
1337 4534 1526 4600 Xenophontis

231 4627 357 4698 historiae
377 4629 491 4679 Graecae
507 4637 581 4696 parte
600 4631 642 4680 bis
662 4625 756 4683 edita’.
787 4631 871 4697 Jenae
891 4628 969 4686 1882.

331 4719 397 4778 ²90
410 4742 416 4775 ε
429 4723 459 4785 9;
479 4724 514 4779 78
527 4743 533 4776 :
548 4725 573 4780 9.
