3588 5312
833 397 1009 452 ..28-

274 570 404 632 nuerint.
443 572 522 630 Illud
544 523 827 634 vteroRosenstilius
850 576 897 632 vix
920 576 1060 651 cuiquam
1075 577 1281 652 persuadebit,
1304 578 1396 636 verba
1419 573 1445 639 εἰ
1468 575 1569 642 δέτι(

275 675 354 762 ἄλλῃ
381 698 425 762 πῃ
448 681 549 742 ταῦτα
572 679 728 758 μέμφεται
749 703 776 744 κ.
801 703 827 745 τ.
851 685 878 745 λ.
902 681 949 760 (II
972 682 1025 762 21)
1047 704 1110 744 non
1133 687 1296 745 referenda
1318 707 1387 746 esse
1410 691 1452 747 ad
1474 690 1570 748 histo·

274 791 349 848 riam
373 791 524 849 Graecam
547 791 587 868 (V
612 797 639 861 3,
666 790 716 869 16)
750 794 880 855 πολλῶν
904 793 940 857 δὲ
965 792 1127 866 λεγόντων
1152 792 1412 873 Λακεδαιμονίων
1441 795 1485 860 ὡ(
1508 795 1572 861 ὀλί-

273 917 340 972 γων
362 896 471 961 ἕνεκεν
496 895 674 976 ἀνθρώπων
696 893 789 963 πόλει
811 898 1045 978 ἀπεχθάνοιντο
1068 903 1168 966 πλέον
1183 904 1442 982 πεντακιεχιλίων
1464 927 1492 968 κ.
1504 909 1569 968 τ..λ.

275 1009 413 1086 Utroque
436 1011 505 1069 loco
523 1019 687 1086 postquam
702 1014 742 1068 de
758 1013 957 1086 expeditione
978 1022 1085 1071 contra
1101 1014 1250 1072 Phliasios
1265 1018 1380 1075 dictum
1395 1025 1450 1086 est,
1474 1019 1572 1092 agitur

275 1121 315 1176 de
338 1137 376 1176 eo
399 1122 483 1196 quod
496 1120 664 1196 Agesilaus,
687 1131 720 1178 ut
742 1122 849 1196 paucis
872 1122 940 1179 viris
955 1124 1107 1180 nobilibus
1129 1124 1360 1201 gratificaretur,
1382 1127 1498 1201 oppida
1518 1144 1570 1183 eo-

273 1247 338 1286 rum
354 1229 432 1287 bello
448 1229 597 1287 lacessere
620 1238 651 1287 et
663 1230 927 1288 Lacedaemonios
952 1232 1120 1308 defatigare
1142 1251 1310 1308 numquam
1333 1235 1504 1294 desinebat.
1535 1234 1571 1291 ln

273 1346 413 1414 tempore
434 1339 588 1412 praesenti
609 1338 704 1411 (1122
727 1335 897 1420 μέμφεται)
915 1343 958 1398 vir
980 1344 1090 1400 doctus
1105 1361 1168 1400 non
1190 1343 1297 1400 debuit
1311 1343 1478 1413 offendere,
1495 1361 1571 1418 quo·

273 1445 354 1502 niam
377 1445 466 1503 etiam
489 1452 559 1520 post
580 1445 755 1519 Agesilaum
776 1457 929 1505 mortuum
950 1450 1015 1506 sine
1031 1451 1126 1508 dubio
1142 1451 1274 1524 fuerunt,
1297 1453 1347 1527 qui
1370 1455 1397 1511 ei
1418 1453 1493 1510 illud
1516 1453 1572 1510 cri·

249 1619 251 1624 ¹
273 1555 346 1610 mini
362 1556 479 1613 darent.
518 1555 601 1628 Quid
617 1553 726 1630 igitur?
749 1556 830 1614 Num
852 1559 1011 1618 verisimile
1034 1569 1082 1617 est
1105 1579 1183 1631 eum,
1205 1563 1256 1636 qui
1279 1563 1441 1620 maximam
1464 1563 1570 1621 lauda·

275 1664 364 1721 tionis
387 1673 507 1739 partem
528 1684 547 1723 a
560 1664 770 1740 Xenophonte
791 1670 923 1726 mutuari
949 1687 1012 1726 non
1035 1671 1198 1740 dubitaret,
1220 1672 1412 1730 enuntiatum
1433 1673 1507 1730 illud
1530 1675 1571 1729 de

275 1791 331 1830 suo
354 1775 514 1832 addidisse
537 1792 575 1832 eo
598 1777 666 1851 ipso
692 1777 761 1833 loco
785 1794 846 1852 quo
860 1777 1011 1854 Xenopho
1029 1779 1060 1835 in
1074 1777 1265 1838 Hellenicis?
1293 1779 1364 1838 Non
1383 1783 1495 1855 credo,
1519 1789 1572 1839 aut

274 1883 415 1941 laudator
437 1884 652 1960 Xenophontis
676 1887 775 1944 locum
798 1887 923 1962 legit-
941 1896 974 1945 et
997 1887 1072 1946 falsa
1096 1898 1142 1946 est
1157 1890 1334 1948 Rosenstilii
1355 1891 1506 1948 sententia
1528 1920 1570 1929 -

275 2000 326 2049 aut
340 1992 494 2069 Xenopho
516 2012 614 2052 rerum
638 2013 773 2052 conexus
794 1996 910 2071 peritus
922 1995 1097 2072 Agesilaum
1118 1999 1185 2073 ipse
1208 1999 1336 2074 scripsit.
1369 1998 1454 2056 Unus
1477 2006 1573 2057 restat

275 2103 359 2161 locus
382 2122 442 2179 quo
461 2123 509 2162 res
532 2107 624 2163 etiam
647 2106 745 2180 magis
768 2114 873 2180 aperta
895 2105 936 2163 tit.

374 2213 565 2288 Agesilao
588 2211 667 2288 μετὰ
689 2212 725 2275 δὲ
747 2213 848 2274 ταῦτα
872 2212 1044 2290 προθύμων
1060 2211 1165 2277 ὄντων
1187 2217 1250 2278 τῶν
1264 2213 1402 2292 Ἀχαιῶν
1426 2213 1470 2277 εἰ(
1485 2211 1573 2291 ‘rhv'

274 2319 450 2398 cuppoxiov
472 2319 523 2382 καὶ
545 2319 708 2398 δεομένων
731 2319 952 2398 ευετρατεύειν
971 2321 1080 2386 αὐτοῖ(
1104 2321 1375 2401 εἰεἈκαρνανίαν
1398 2323 1450 2386 καὶ
1472 2323 1571 2387 ἐπιθε·

273 2428 378 2505 μένων
396 2427 430 2491 ἐν
453 2430 574 2492 (τενοῖε
597 2431 663 2492 τῶν
688 2428 902 2509 Ἀκαρνάνων,
925 2432 1115 2510 καταλαβὼν
1137 2434 1204 2496 roic
1226 2435 1332 2510 ψιλοῑ(
1355 2432 1394 2496 τὰ
1418 2431 1498 2510 ὑπὲρ
1520 2453 1570 2496 κε-

273 2540 379 2616 φαλή(
403 2536 511 2601 αὐτῶν
532 2535 635 2615 μάχην
658 2537 808 2602 ευνάπτει
830 2539 882 2602 καὶ
904 2540 1046 2603 πολλοὺε
1069 2539 1258 2604 ἀποκτείνας
1285 2540 1393 2604 αὐτῶν
1415 2541 1572 2619 τρόπαιον

274 2646 436 2724 ἐετήεατο,
469 2647 520 2709 καὶ
552 2646 591 2709 οὐ
623 2645 783 2724 πρότερον
814 2646 905 2724 ἔληξε
931 2649 1005 2725 πρὶν
1030 2638 1168 2726 Ἀχαιοῑε
1196 2651 1253 2728 μὲν
1280 2650 1396 2728 φίλους
1420 2650 1569 2728 ἐποίηεεν

163 2740 165 2745 ’
269 2755 472 2834 Ἀκαρνᾶνα(
494 2756 546 2820 καὶ
569 2755 731 2820 Αἰτωλοὺς
753 2757 805 2819 καὶ
825 2755 997 2835 Ἀργείους,
1032 2757 1137 2842 ἑαυτῷ
1166 2760 1202 2822 δὲ
1231 2759 1283 2823 καὶ
1305 2758 1501 2840 συμμάχους,
1529 2766 1570 2821 de

273 2886 337 2945 quo
353 2869 556 2926 Rosenstilius
578 2869 623 2926 sic
645 2871 794 2945 disputat:
818 2887 893 2927 voce
916 2867 974 2944 τὴν
995 2873 1144 2930 evincitur
1166 2873 1355 2930 laudatorem
1377 2872 1571 2947 Xenophon·

272 2988 334 3036 tem
354 2973 409 3052 (IV
433 2981 461 3052 6,
487 2980 498 3035 l
517 2973 574 3054 sq.)
597 2979 716 3053 legisse,
740 2979 857 3036 etiamsi
879 2980 910 3036 in
932 2981 1048 3054 proelio
1070 2981 1138 3056 ipso
1161 2982 1364 3039 describendo
1387 3000 1450 3039 non
1463 2981 1570 3039 Xeno-

270 3088 418 3163 phontem
441 3088 586 3162 sequitur,
620 3089 676 3146 sed
696 3107 832 3164 pugnam
854 3089 940 3164 fingit
965 3107 1044 3164 quae
1070 3090 1101 3146 in
1123 3091 1228 3166 quavis
1257 3091 1383 3166 regione
1406 3099 1569 3149 montuosa

272 3196 334 3255 fieri
355 3206 465 3272 potest.
508 3197 544 3254 Id
567 3215 690 3273 quoque
710 3199 834 3255 minime
856 3216 983 3274 possum
1005 3201 1143 3275 probare.
1187 3199 1230 3257 Ut
1253 3201 1392 3259 omittam
1411 3219 1570 3277 quaerere,

271 3325 333 3383 quo
356 3307 421 3364 iure
444 3307 585 3366 laudator
608 3325 645 3365 ex
667 3308 802 3383 Agesilai
827 3327 882 3383 per
902 3309 1055 3367 Aetoliam
1077 3310 1186 3366 itinere
1210 3306 1475 3388 (He11.1V6,14)
1497 3330 1570 3370 con·

272 3418 399 3474 cludere
423 3416 556 3490 potuerit
577 3417 704 3473 Aetolos
727 3435 795 3474 cum
818 3417 948 3475 Achaeis
970 3436 1080 3491 pacem
1102 3419 1222 3496 fecisse,
1244 3422 1327 3478 unde
1344 3420 1471 3494 Argivos
1495 3438 1571 3496 quo-

272 3544 333 3602 que
356 3527 394 3583 ab
409 3524 539 3583 Achaeis
560 3525 590 3581 in
613 3525 775 3582 amicitiam
798 3535 937 3602 receptos
960 3544 1028 3584 esse
1052 3528 1177 3597 sciverit,
1195 3560 1231 3568 —
1249 3530 1333 3603 quod
1348 3545 1497 3588 summum
1515 3539 1571 3603 est,

270 3637 384 3694 nullam
408 3636 497 3693 video
522 3652 647 3692 causam
670 3653 730 3710 qua
751 3644 923 3693 commotus
944 3637 1087 3693 laudator
1107 3654 1204 3713 usque
1228 3639 1269 3695 ad
1292 3637 1373 3695 hunc
1395 3640 1494 3696 locum
1508 3639 1571 3696 Xe·

271 3746 464 3821 nophontem
488 3746 529 3802 ad
551 3744 676 3802 verbum
699 3745 762 3802 fere
785 3754 909 3803 secutus
932 3747 993 3803 iam
1014 3747 1163 3821 proelium
1186 3764 1254 3803 cum
1270 3748 1482 3806 Acarnanibus
1507 3749 1571 3807 iac·

271 3863 334 3912 tum
367 3854 428 3912 suis
456 3854 550 3929 ipsius
583 3854 682 3910 verbis
712 3854 809 3929 iisque
839 3871 907 3911 curn
937 3853 1146 3930 Xenophonte
1173 3855 1296 3913 minime
1330 3859 1569 3934 congruentibus

273 3962 477 4038 descripserit.
515 3961 630 4020 Contra
652 3963 677 4020 si
699 3962 941 4037 Xenophontem
962 3981 1000 4020 ea
1023 3965 1178 4039 scripsisse
1201 3965 1482 4035 existimaverimus,
1505 3975 1572 4026 tota

271 4072 433 4130 difficultas
456 4071 576 4130 sublata
597 4079 653 4131 est.
698 4071 758 4128 Hic
779 4071 832 4145 qui
854 4088 902 4129 res
925 4080 1028 4146 gestas
1045 4072 1180 4147 Agesilai
1202 4073 1294 4130 etiam
1315 4055 1461 4133 memoria
1484 4084 1569 4135 tene·

270 4191 326 4249 ret,
351 4181 474 4257 triginta
495 4181 581 4237 annis
603 4188 675 4255 post
696 4180 847 4256 proelium
867 4181 943 4238 illud
965 4199 1032 4238 cum
1055 4181 1264 4240 Acarnanibus
1287 4182 1401 4241 factum
1427 4202 1491 4241 non
1511 4187 1568 4243 du·

270 4292 378 4349 bitavit
398 4308 548 4348 summum
569 4290 736 4364 periculum
765 4291 881 4364 inquo
904 4289 1144 4348 Lacedaemonii
1172 4292 1244 4349 olim
1267 4294 1377 4350 versati
1399 4303 1498 4363 erant,
1521 4313 1571 4353 ce·

270 4401 333 4458 lare
359 4408 453 4475 atque
479 4397 615 4473 Agesilai
641 4399 870 4474 neglegentiam
904 4400 1061 4473 obtegere.
1105 4399 1142 4456 In
1176 4401 1304 4458 historia
1338 4402 1421 4459 enim
1448 4403 1569 4462 Graeca

268 4510 361 4567 colles
383 4510 422 4566 ab
434 4507 645 4565 Acarnanibus
667 4508 808 4582 occupati
830 4525 849 4564 a
870 4507 965 4581 copiis
988 4508 1108 4566 selectis
1131 4518 1345 4584 expugnantur
1357 4504 1378 4580 ¹,
1403 4511 1434 4569 in
1457 4512 1563 4572 lauda·

271 4648 468 4658 ——-..---—

368 4721 379 4759 ¹
397 4725 438 4775 IV
456 4724 480 4791 6,
500 4724 535 4778 10
552 4724 609 4776 ἔθει
628 4724 679 4790 μὲν
696 4727 756 4776 τῶν
774 4725 899 4777 ὁπλιτῶν
919 4725 954 4777 τὰ
973 4723 1177 4778 πεντεκαίδεκα
1197 4724 1246 4794 ἀφ’
1264 4727 1344 4793 ἥβης.
