3588 5312
621 622 868 700 Sententiae
905 611 1215 702 controversae.
1276 604 1278 611 Α

287 980 294 996 .
367 937 405 996 In
428 938 516 996 titulo
540 938 661 997 Graeco
684 933 834 1014 (Dittenb.
857 939 919 1016 syll.
942 935 995 1014 20)
1017 942 1109 997 verba
1133 933 1246 1020 [πόλες
1273 927 1324 999 εὰ(
1352 931 1503 1017 ἔτ]αχεαν
1523 927 1567 999 ιοι

301 1099 302 1103 ,
368 1041 497 1110 turtur.
511 1094 517 1108 .
530 1095 536 1109 .
550 1066 588 1110 ,ο
613 1045 895 1124 γραμματεύοντοε
916 1049 959 1108 ita
982 1057 1053 1107 sunt
1074 1049 1288 1124 intellegenda,
1308 1056 1342 1106 ut
1362 1047 1568 1124 Callipolitani

369 1154 466 1215 Sertei
476 1156 613 1231 Amorgii
633 1157 823 1234 privilegium
844 1151 929 1235 quod
951 1165 1023 1216 ante
1042 1131 1464 1216 habuerant-*tributorum
1484 1174 1566 1214 sum·

368 1282 449 1322 mam
472 1282 527 1325 suo
550 1266 673 1325 arbitrio
696 1267 904 1326 constituendi
926 1261 977 1343 (cs.
1000 1266 1139 1326 Dittenb.
1161 1269 1179 1327 l.
1195 1285 1221 1327 c.
1246 1268 1293 1328 16.
1318 1267 1369 1340 17)
1393 1297 1435 1309 ·-
1457 1267 1566 1325 amise·
1605 1245 1607 1250 ¹

369 1373 436 1434 rint.
478 1375 586 1450 Itaque
609 1376 785 1446 censitores,
809 1377 861 1453 qui
887 1377 1033 1435 minorem
1058 1394 1206 1435 summam
1231 1376 1270 1434 ab
1300 1377 1345 1434 eis
1368 1377 1567 1436 constitutam

369 1501 439 1542 esse
463 1486 760 1561 animadvertissent,
784 1487 930 1562 singulari
945 1487 1066 1545 actione
1090 1481 1168 1562 (alio⁴
1186 1480 1353 1560 scribente)
1377 1485 1493 1563 oppida
1516 1485 1566 1544 illa

369 1603 562 1657 censuerunt.
636 1656 641 1668 ‚

301 1774 307 1789 .
366 1729 514 1790 Homines
537 1731 578 1789 illi
599 1731 706 1806 privati
728 1732 759 1789 in
784 1731 877 1790 titulis
900 1731 1054 1789 nonnullis
1076 1731 1185 1790 Atticis
1208 1728 1497 1806 (Dittenb.l.c.16.
1517 1732 1576 1796 17.

370 1836 528 1902 18πόλεε
551 1829 602 1903 ‘ric
621 1830 664 1902 ‘or
687 1837 801 1903 ἰδιόται
823 1837 1025 1918 ἐνέγραφεαν
1051 1836 1157 1918 φόρον
1181 1835 1295 1918 φέρεν)
1320 1849 1391 1899 sunt
1416 1835 1566 1916 πρόξενοι

368 1951 549 2027 oppidorum
564 1952 801 2028 subscriptorum
817 1951 945 2012 Athenis
963 1957 1130 2028 versantes;
1153 1953 1307 2028 proprium
1329 1951 1409 2008 enim
1425 1957 1472 2008 est
1488 1966 1564 2026 προ-

313 2061 315 2064 ’
368 2058 469 2123 Ξένων
492 2063 576 2138 quod
598 2038 706 2138 privati
727 2055 791 2120 non
813 2063 1007 2138 magistratus
1030 2063 1061 2122 in
1082 2070 1193 2122 neutra
1214 2063 1337 2121 civitate
1360 2067 1439 2120 sunt.

313 2241 319 2256 .
367 2197 454 2256 Plato
470 2197 560 2274 Hipp.
575 2198 644 2259 mai.
663 2201 723 2258 284
739 2198 767 2255 D
789 2198 871 2274 lege:
895 2195 946 2259 καὶ
968 2193 1046 2260 ἄνευ
1065 2194 1183 2260 τούτου
1206 2194 1286 2274 μετὰ
1309 2191 1463 2273 ὁμονοία(
1490 2189 1566 2256 ἀδύ-

369 2325 468 2370 νατον
491 2302 588 2369 οἰκεῖν
596 2325 604 2378 ;
649 2304 732 2383 (cod.
756 2296 941 2383 Tiivouinc
964 2307 1002 2363 W
1024 2303 1171 2383 ἀνομίαε)

214 2425 218 2432 ’
300 2444 321 2504 ’.
369 2445 455 2502 Plato
478 2445 569 2521 Hipp.
592 2447 661 2506 min.
685 2445 789 2504 368C
825 2442 877 2506 καὶ
906 2441 925 2506 ὅ
956 2463 992 2516 γε
1019 2445 1113 2506 πᾶειν
1140 2440 1251 2506 ἔδοξεν
1273 2438 1487 2506 ἀτοπώτατον
1515 2440 1567 2504 καὶ

369 2551 483 2631 coptus
506 2552 652 2630 πλείετηε
675 2552 848 2631 ἐπίδειγμα,
872 2552 980 2630 ἐπειδὴ
1004 2552 1063 2629 τὴν
1090 2552 1193 2629 Ζώνην
1217 2549 1342 2630 ἔφηεθα
1365 2554 1423 2615 τοῦ
1446 2551 1566 2630 χιτωνί-

368 2680 452 2734 crou,
473 2662 513 2739 ἢν
536 2660 625 2740 εἶχες,
649 2660 728 2727 εἶναι
753 2663 810 2740 μὲν
832 2660 895 2725 οἷαι
919 2661 951 2726 ui
970 2661 1122 2740 Περεικαὶ
1141 2664 1207 2725 τῶν
1225 2643 1422 2738 πολυτελῶν,
1446 2661 1566 2739 ταύτην

368 2771 403 2846 δὲ
426 2769 522 2835 αὐτὸ(
544 2770 655 2837 πλέξαι
670 2793 729 2833 vox
752 2770 860 2848 ἐπειδὴ
883 2775 1019 2832 delenda
1042 2781 1089 2831 est
1110 2781 1219 2848 utpote
1241 2791 1279 2830 ex
1301 2769 1466 2848 ἐπίδειγμα
1488 2782 1564 2834 orta.

299 2952 305 2966 .
367 2908 482 2984 Ephori
504 2910 648 2968 historiae
669 2919 741 2986 post
764 2909 890 2968 Thebas
914 2911 952 2967 ab
975 2909 1152 2967 Alexandro
1175 2909 1291 2967 dirutas
1313 2910 1439 2967 demum
1462 2907 1565 2966 editae

367 3027 436 3076 sunt
459 3019 496 3078 cf.
519 3018 612 3078 Diod.
635 3018 696 3078 XV
719 3021 769 3079 88.
804 3011 807 3014 ⁵

268 3151 319 3212 VI.
365 3153 538 3213 Aristotelis
565 3149 722 3229 ἀνατομαὶ
749 3162 836 3212 erant
864 3171 1027 3230 corporum
1054 3161 1206 3212 sectorum
1228 3154 1366 3228 picturae
1394 3151 1565 3256 difficilibus

366 3271 485 3320 tantum
500 3263 575 3321 locis
596 3265 627 3321 in
641 3264 776 3338 margine
799 3265 969 3338 subiectae3
994 3281 1064 3321 mox
1087 3280 1194 3321 omnes
1218 3247 1352 3339 corporis
1375 3269 1478 3339 partes
1501 3279 1566 3319 am·

366 3373 474 3448 plexae
497 3374 625 3430 seorsim
648 3373 752 3430 editae
777 3382 856 3432 sunt.

267 3505 333 3565 VH.
366 3506 402 3564 In
424 3508 513 3565 titulo
537 3506 570 3569 C.
593 3507 616 3567 1.
640 3507 674 3568 L.
697 3509 725 3564 X
751 3509 829 3566 1284
854 3526 912 3565 vox
938 3506 1063 3566 Pudens
1088 3525 1257 3584 cognomen
1279 3515 1337 3567 est.

267 3639 346 3702 Vlll.
366 3642 416 3699 Ad
439 3642 678 3699 detestationem
700 3641 777 3699 tituli
801 3640 834 3701 C.
857 3642 879 3703 I.
903 3641 938 3703 L.
962 3643 990 3698 X
1012 3643 1070 3702 511
1106 3649 1188 3699 recte
1216 3640 1454 3718 intellegendam
1490 3640 1566 3700 mul·

346 3759 431 3841 tum
453 3751 535 3807 valet
557 3749 635 3808 Plut.
656 3767 748 3826 (υμπ.
770 3751 881 3828 προβλ.
903 3751 931 3809 V
957 3755 974 3811 7
998 3749 1079 3827 (cap.
1102 3750 1145 3808 lV
1169 3753 1187 3810 3
1212 3750 1241 3808 V
1264 3749 1327 3826 10).

265 3885 320 3946 IX.
367 3885 478 3944 Plinius
501 3885 673 3944 Aristotelis
697 3887 737 3944 de
758 3885 884 3944 historia
906 3886 1080 3944 animalium
1103 3887 1269 3945 sententias
1289 3886 1394 3962 Trogo
1419 3886 1565 3963 Pompeio

366 3995 493 4071 aliisque
521 3995 715 4071 scriptoribus
743 3995 842 4053 latinis
870 3981 974 4064 debet,
1007 3996 1219 4072 Aristophanis
1245 3995 1382 4072 Byzantii
1410 3997 1565 4072 epitomen

365 4105 444 4163 inter
466 4103 602 4163 Graecos
625 4105 822 4164 clarissimam
843 4106 1001 4180 ignoravit.

266 4240 303 4299 X.
365 4239 496 4298 Gemma
519 4241 615 4299 musei
639 4240 866 4299 Brunsvicensis
889 4235 1163 4318 (nuncn0.180)‚
1186 4241 1217 4300 in
1239 4260 1298 4317 qua
1320 4249 1367 4300 est
1386 4241 1505 4300 Hector
1525 4242 1564 4300 ab

365 4349 581 4408 Andromache
614 4350 788 4426 discedens
821 4351 937 4426 optima
971 4361 1019 4410 est
1047 4353 1134 4427 primi
1164 4352 1295 4428 exempli
1325 4351 1455 4410 imitatio
1487 4369 1565 4428 quae

366 4468 486 4519 servata
509 4467 566 4519 est.
