3588 5312
823 361 999 424 *ld-

263 539 426 606 encomia1
448 564 466 603 a
488 543 644 622 discipulis
667 545 732 604 eius
755 545 898 605 confecta
921 563 1007 619 esse;
1029 553 1119 620 atque
1137 543 1351 620 Xenophontis
1372 535 1556 604 cuiusdam²

259 654 364 733 εβίους
383 652 645 731 Ἐπαμεινώνδου
673 653 724 716 καὶ
745 640 949 716 l'lehorrlbou'
979 657 1118 714 Isocratis
1145 656 1283 730 exemplo
1313 655 1405 713 luisse
1431 674 1555 731 compo·

261 768 336 824 sitos
364 766 436 824 mibi
462 767 586 842 quidem
613 783 791 841 persuasum
819 772 874 824 est.
926 761 1046 834 Quodsi
1078 763 1210 838 denique
1233 762 1397 839 Dionysius
1420 763 1555 822 Halicar-

262 877 418 934 nassensis
439 871 493 950 (de
515 876 597 934 adm.
622 877 649 932 vi
672 875 730 934 dic.
746 875 777 932 in
794 873 881 932 Dem.
899 868 954 948 44)
976 873 1165 929 mentionem
1189 871 1260 929 facit
1282 873 1413 930 encomii
1435 874 1465 929 in
1478 873 1556 929 Pau·

263 987 379 1043 saniam
403 985 475 1044 facti
497 983 678 1060 coqrrtrrnoir
701 979 800 1057 λήρου
824 981 950 1056 ustrou,
977 982 1080 1037 videre
1103 981 1175 1038 licet
1198 981 1342 1055 plurimos
1358 981 1424 1038 eius
1446 981 1555 1038 aetatis

263 1097 341 1152 viros
358 1095 466 1152 talibus
482 1093 708 1152 laudationibus
724 1109 848 1167 operam
871 1091 1004 1149 dedisse.
1036 1089 1219 1147 Personatus
1243 1099 1347 1148 autem
1368 1091 1425 1147 iste
1440 1089 1556 1146 Demo-

260 1204 386 1262 sthenes
410 1203 582 1261 Pausaniae
605 1203 783 1259 memoriam
805 1219 823 1258 a
845 1200 998 1275 plerisque
1014 1199 1190 1257 infamatam
1205 1201 1382 1274 ambagibus
1398 1198 1555 1256 rhetoricis

262 1315 387 1388 expiare
410 1312 519 1370 frustra
539 1312 660 1369 videtur
681 1319 809 1368 conatus
832 1327 909 1367 esse.

359 1422 426 1481 Iam
454 1439 526 1478 vero
554 1438 591 1478 ea
618 1438 698 1495 quae
727 1420 820 1476 etiam
850 1436 931 1475 nunc
957 1426 1092 1475 servatur
1122 1419 1258 1476 laudatio
1281 1419 1370 1475 nobis
1394 1419 1554 1475 tractanda

261 1539 318 1599 est,
341 1530 555 1605 Xenophontis
584 1530 752 1604 Agesilaus.
798 1528 824 1584 E
851 1545 883 1584 re
911 1537 957 1584 est
984 1528 1105 1583 uberius
1132 1528 1172 1583 de
1199 1543 1236 1582 ea
1266 1527 1379 1600 dicere,
1409 1528 1555 1601 quoniam

262 1671 303 1680 —
330 1642 391 1698 sive
417 1641 551 1715 spurium
579 1638 641 1695 sive
668 1638 832 1714 genuinum
858 1636 1035 1716 Agesilaum
1066 1635 1321 1694 declaraverimus
1350 1643 1555 1692 -accurata

262 1752 444 1826 quaestione
467 1758 565 1806 totum
587 1747 645 1805 hoc
667 1748 877 1805 laudationum
897 1762 992 1822 genus
1014 1745 1119 1802 melius
1142 1762 1370 1820 cognoscemus,

584 2285 649 2359 De
689 2247 993 2380 Xenophontis
1020 2284 1228 2380 Agesilao.

629 2480 646 2560 ξ
669 2485 703 2570 1.1
728 2485 772 2542 de
795 2483 911 2542 forma
932 2484 1176 2544 laudationis.

358 2661 527 2737 Postquam
551 2682 569 2720 a
591 2662 813 2720 Valckenaerio
836 2664 972 2721 laudatio
999 2664 1050 2720 illa
1073 2662 1209 2738 Agesilai
1236 2679 1315 2737 quae
1337 2662 1552 2738 Xenophontis

255 2773 379 2829 nomine
401 2772 495 2830 fertur
515 2772 613 2847 frigidi
632 2773 789 2831 cuiusdam
807 2772 962 2847 sophistae
978 2772 1156 2847 opusculum
1175 2773 1374 2828 miserrimum
1389 2772 1473 2829 dicta
1487 2781 1546 2841 est,

257 2882 353 2938 maior
374 2899 444 2957 pars
466 2882 594 2938 virorum
619 2883 782 2938 doctorum
802 2883 834 2938 in
856 2882 907 2938 illa
928 2882 1080 2938 sententia
1102 2881 1262 2956 acquievit,
1285 2882 1376 2955 pauci
1398 2882 1553 2938 contradi·

257 3007 327 3048 cere
360 2998 454 3066 atque
481 2992 649 3066 genuinum
676 3009 747 3049 eum
773 3008 841 3049 esse
863 2990 1077 3066 Xenophontis
1110 2991 1243 3048 libellum
1270 2991 1459 3047 contendere
1488 2991 1552 3049 ausi

257 3095 361 3160 sunt³.
406 3099 594 3157 Novissimus
618 3096 851 3158 Hartmannus⁴
872 3101 1058 3175 argumentis
1086 3116 1104 3155 e
1133 3118 1164 3157 re
1187 3108 1280 3174 atque
1303 3098 1401 3156 forma
1423 3095 1554 3174 petitis⁶

257 3208 365 3266 librum
386 3208 600 3284 Xenophontis
622 3227 685 3266 non
709 3227 774 3266 esse
797 3211 854 3266 sibi
877 3211 997 3266 videtur
1020 3209 1285 3266 demonstravisse.

356 3316 420 3374 Sed
442 3319 578 3391 quamvis
600 3319 695 3376 multa
717 3319 764 3376 ille
787 3320 828 3376 de
847 3319 1061 3393 Xenophontis
1084 3319 1203 3394 scriptis
1225 3319 1341 3394 optime
1362 3318 1551 3396 indicaverit,

257 3433 360 3484 tamen
390 3426 450 3484 hoc
474 3426 542 3484 loco
565 3429 596 3484 in
622 3428 690 3503 ipsa
719 3429 952 3504 argumentandi
980 3429 1098 3486 ratione
1120 3429 1243 3490 haereo.
1288 3427 1366 3487 Nam
1388 3438 1553 3505 postquam

256 3536 461 3610 argumentari
490 3537 589 3607 desiit,
623 3555 870 3613 unumquemque
898 3539 939 3595 ait
977 3541 1028 3613 qui
1061 3540 1300 3616 Xenophontem
1332 3542 1405 3598 satis
1445 3542 1553 3615 legerit

256 3646 380 3702 omnino
415 3646 527 3704 sentire
559 3647 684 3720 debere,
718 3649 881 3705 encomion
907 3649 978 3705 illud
1005 3649 1212 3725 Xenophonte
1239 3667 1359 3725 prorsus
1393 3652 1552 3726 indignum

357 3941 469 4010 ¹Euag.
492 3946 526 4000 57
550 3948 614 4013 περΙ
638 3947 688 4011 μὲν
711 3947 763 4000 οὖν
784 3947 912 4001 Κόνωνος
939 3950 1023 4012 ἄλλος
1048 3951 1114 4015 ἡμῖν
1138 3950 1212 4004 ictor
1236 3949 1328 4014 λόγος.
1356 3977 1389 3988 -
1414 3966 1443 4003 π.
1463 3949 1551 4002 ἀντιδ.

255 4040 307 4096 107
321 4059 378 4111 sqq.
398 4045 539 4111 Timothei,
558 4061 587 4096 π.
607 4044 680 4108 Ζεύγ.
702 4043 737 4097 25
750 4061 807 4112 sqq.
827 4045 978 4096 Alcibiadis
998 4046 1091 4096 laudes
1114 4047 1309 4100 adumbrantur.

352 4136 462 4191 2f1ater
490 4142 635 4191 Nicostrati
662 4143 758 4192 comici
781 4141 817 4208 (v.
840 4143 991 4206 Menagium
1020 4143 1048 4192 in
1072 4151 1237 4197 commentar.
1266 4147 1352 4197 Laert
1372 4142 1551 4208 Diog.1159

253 4237 294 4289 ed.
314 4238 441 4288 Huebner
459 4239 472 4287 1
491 4254 517 4303 p.
531 4237 602 4305 384).

353 4328 498 4386 ⁸omnium
521 4337 636 4386 virorum
661 4338 795 4387 doctorum
822 4338 919 4388 iudicia
943 4338 1105 4400 collegerunt
1134 4337 1167 4390 G.
1190 4339 1321 4403 Sauppius
1343 4339 1371 4387 in
1389 4338 1552 4403 praelatione

253 4432 376 4483 editionis
397 4439 423 4482 et
435 4435 470 4485 A.
484 4435 620 4498 Roquette
639 4433 667 4482 in
689 4434 752 4485 diss.
774 4433 820 4482 ‘de
833 4435 905 4486 Xen.
924 4435 977 4483 vita
996 4441 1023 4483 et
1041 4433 1157 4500 scriptis'
1177 4435 1281 4498 Regim.
1302 4432 1371 4488 1884
1390 4451 1415 4500 p.
1432 4433 1481 4486 101
1494 4450 1551 4500 sqq.

353 4525 365 4562 4
383 4530 501 4580 analecta
520 4529 720 4596 Xenophontea
737 4530 824 4592 Ludg.
843 4531 901 4582 Bat.
924 4529 1001 4582 1887.

353 4623 365 4660 ⁵
385 4642 494 4692 quorum
506 4626 647 4675 maximam
665 4635 767 4692 partem
785 4627 838 4676 iam
858 4626 969 4690 collegit
982 4628 1109 4689 Hagenus
1127 4625 1173 4676 ‘de
1186 4627 1388 4693 Xenophonteo
1407 4627 1452 4694 qui
1470 4628 1553 4680 fertur

253 4721 393 4788 Agesilao'
413 4724 494 4775 Bern.
516 4721 593 4776 1865.
