3588 5312
852 397 1027 459 „39-

292 590 346 640 aut
367 579 511 640 historiae
527 578 666 638 Graecae
689 579 738 638 illa
760 598 830 656 pars
852 589 923 656 post
937 581 1112 657 Agesilaum
1135 583 1251 641 editum
1275 581 1397 642 demum
1420 592 1587 644 retractata

292 701 339 750 est
362 702 415 750 aut
436 691 596 766 Agesilaus
620 690 863 766 aXenophonte
885 691 952 766 ipso
975 708 1038 747 non
1059 700 1107 748 est
1122 690 1202 749 foras
1226 694 1327 752 datus.
1362 693 1436 750 Mihi
1460 695 1585 770 quidem

291 801 394 859 adhuc
420 801 605 858 verisimilius
636 801 757 858 videtur
792 818 860 856 esse
895 800 1105 858 laudationem
1131 820 1150 859 a
1177 802 1385 876 Xenophonte
1418 821 1481 862 non
1516 823 1586 862 esse

292 911 415 984 editam,
448 911 592 985 quoniam
619 911 649 966 in
671 909 872 984 dispositione
898 908 981 966 haud
1002 926 1100 984 pauca
1131 918 1202 967 sunt
1223 913 1436 987 vituperanda.
1481 912 1517 973 E.
1540 932 1585 990 gr.

291 1022 391 1096 capite
410 1019 499 1076 tertio
522 1020 607 1093 quod
628 1026 675 1076 est
697 1013 769 1092 περὶ
791 1013 953 1093 strepeto(
981 1018 1102 1076 nonnisi
1125 1030 1385 1078 sacramentorum
1413 1021 1588 1080 foederum-

290 1149 351 1206 que
372 1129 565 1187 observantia
590 1138 737 1187 narratur.
782 1128 922 1186 Dubitari
944 1146 1066 1204 qnoque
1100 1129 1148 1185 vix
1173 1138 1287 1205 potest,
1322 1132 1396 1206 quin
1419 1130 1583 1206 Xenopho‚

290 1241 316 1298 si
338 1221 449 1296 librum
468 1238 623 1312 edidisset,
653 1238 746 1294 verba
772 1237 823 1294 illa
845 1238 956 1313 quibus
977 1255 1101 1313 pugnae
1129 1239 1170 1294 ad
1193 1237 1365 1296 Coroneam
1402 1240 1584 1297 commissae

290 1365 359 1406 sese
381 1347 553 1405 interfuisse
573 1347 640 1422 ipse
662 1346 830 1422 profitetur,
853 1347 1006 1405 deleturus
1029 1345 1124 1408 fuerit.
1167 1345 1268 1405 Causa
1291 1365 1344 1405 cur
1371 1348 1583 1406 laudationem

289 1475 352 1514 non
374 1457 515 1534 emiserit,
538 1456 621 1513 haud
644 1457 707 1514 scio
732 1475 771 1514 an
793 1437 830 1512 ea
851 1456 950 1524 fuerit,
971 1457 1055 1530 quod
1076 1465 1148 1532 post
1170 1457 1302 1532 Agesilai
1324 1467 1452 1516 mortem
1474 1458 1582 1542 lauda·

290 1567 407 1624 tionum
427 1583 570 1623 numerus
587 1575 690 1624 tantus
713 1574 860 1640 tantaque
883 1566 1061 1623 adulatione
1083 1565 1210 1623 refertus
1233 1568 1356 1643 prodiit,
1378 1577 1411 1624 ut
1426 1566 1583 1643 Xenopho

289 1677 320 1733 in
341 1677 469 1732 istorum
493 1695 620 1733 numero
644 1675 749 1734 haberi
772 1676 867 1733 nollet
876 1671 897 1733 ¹.

604 2148 670 2218 De
697 2143 888 2217 Anabasi
916 2152 957 2220 et
988 2140 1268 2237 Cyropaedia.

389 2380 557 2453 Postquam
580 2380 619 2437 de
635 2379 779 2452 Agesilao
800 2377 872 2434 satis
892 2376 1112 2450 disputavimus
1137 2392 1175 2431 eo
1192 2375 1316 2448 quidem,
1329 2380 1449 2447 eventu,
1472 2371 1582 2430 utiam

290 2493 419 2549 sciamus
441 2489 574 2546 libellum
596 2488 678 2544 illum
701 2485 943 2561 aXenophonte
965 2485 1109 2558 scriptum
1132 2501 1237 2540 eorum
1261 2492 1432 2556 temporum
1453 2499 1582 2539 consue·

289 2601 386 2658 tudini
408 2601 446 2655 ab
470 2600 552 2656 omni
574 2606 659 2673 parte
675 2581 849 2672 convenire,
872 2597 912 2653 ad
935 2595 994 2652 alia
1010 2594 1225 2669 Xenophontis
1248 2594 1359 2666 scripta
1380 2602 1581 2649 transeamus.

288 2709 386 2766 Variis
410 2711 492 2767 enim
511 2709 612 2766 modis
639 2707 687 2763 ille
711 2707 839 2764 vitarum
862 2705 1101 2778 descriptionem
1129 2703 1210 2760 libris
1233 2704 1294 2760 suis
1319 2702 1493 2776 auspicatus
1523 2710 1580 2756 est.

288 2820 325 2877 In
348 2819 482 2894 Agesilai
512 2817 689 2875 laudatione
710 2816 875 2874 Isocratem
903 2823 1026 2872 secutus
1049 2815 1115 2890 ipse
1138 2815 1250 2888 primus
1283 2812 1428 2870 historiae
1457 2825 1579 2885 quoque

288 2929 561 2987 commentationes
585 2929 625 2982 de
645 2927 832 3002 singulorum
857 2927 918 2982 vita
940 2936 971 2983 et
996 2924 1154 2981 virtutibus
1177 2925 1308 2981 inserere
1327 2939 1419 2978 ausus
1443 2928 1498 2980 est.

386 3038 421 3095 ln
443 3039 580 3095 Anabasi
602 3036 628 3111 (Ι
651 3037 717 3096 911
740 3035 772 3108 6)
807 3054 874 3093 cum
897 3034 1008 3109 Cyrum
1043 3042 1074 3091 et
1097 3034 1285 3092 Graecorum
1317 3035 1410 3091 duces
1443 3039 1581 3088 mortuos

288 3148 492 3222 singularibus
514 3147 611 3204 verbis
634 3147 788 3222 describit,
811 3147 851 3202 de
874 3162 1061 3219 unoquoque
1080 3145 1193 3200 iustum
1220 3143 1294 3200 facit
1315 3143 1460 3198 iudicium
1485 3140 1582 3196 forma

289 3276 361 3316 usus
384 3257 543 3316 rhetorica.
576 3257 677 3313 Animi
699 3256 824 3314 virtutes
839 3255 887 3310 vel
909 3256 980 3311 vitia
994 3255 1024 3310 in
1046 3255 1149 3330 primis
1165 3241 1367 3329 exponuntur,
1390 3252 1583 3310 educationis

287 3457 486 3465 1——--

378 3591 387 3628 ¹
406 3594 492 3642 Etiam
511 3593 594 3658 capite
613 3593 753 3643 undecimo
773 3593 875 3643 videtur
892 3593 999 3658 probari
1017 3592 1195 3642 laudationem
1214 3609 1229 3641 a
1247 3592 1429 3657 Xenophonte
1447 3592 1507 3656 ipso
1527 3607 1581 3641 non

286 3706 346 3742 esse
359 3692 465 3743 editam.
486 3691 610 3754 Quamvis
624 3691 691 3740 enim
705 3691 787 3740 multa
800 3691 1007 3755 Xenophontem
1017 3690 1044 3738 in
1054 3691 1206 3740 memoriam
1219 3697 1343 3739 revocent
1354 3688 1381 3754 (ᾖ
1396 3687 1412 3740 5
1426 3687 1581 3754 κρυψίνους

287 3788 343 3839 coll.
366 3788 460 3853 Cyrop.
475 3789 489 3836 1
503 3787 528 3852 o,
544 3784 613 3839 27-
626 3785 640 3854 ξ
655 3785 671 3837 6
690 3786 751 3837 coll.
772 3786 868 3851 Cyrop.
882 3785 934 3844 16,
948 3784 965 3837 8
985 3792 1049 3836 extr.
1066 3813 1096 3822 -
1111 3783 1126 3852 ἓ
1140 3785 1157 3838 9
1177 3784 1378 3849 ἐπαινούμενοί
1396 3787 1467 3848 γοῦν
1487 3785 1580 3850 ἔχαιρε

286 3884 421 3950 μᾶλλονῆ
437 3883 566 3949 χρήματα
585 3883 729 3946 κτώμενος
748 3881 985 3948 coll.Cyrop.15,
1002 3881 1055 3948 12),
1074 3889 1158 3932 tamen
1178 3883 1261 3947 capite
1280 3881 1327 3930 illo
1346 3898 1376 3931 ea
1395 3898 1462 3948 quae
1479 3894 1579 3932 antece·

286 3982 352 4031 dunt
376 3996 429 4030 non
459 3979 605 4028 summatim
630 3979 774 4028 reseruntur
792 3979 846 4042 (XI
863 3977 896 4043 1),
925 3979 972 4026 sed
995 3978 1185 4043 amplificantur
1208 3986 1285 4044 atque
1308 3979 1390 4028 multa
1408 3980 1487 4044 plane
1512 3995 1579 4030 nova

285 4078 460 4143 proferuntur.
499 4077 639 4126 Praeterea
658 4076 760 4126 decimo
781 4075 864 4139 capite
883 4057 1039 4124 nonsolum
1058 4074 1199 4124 consilium
1217 4076 1298 4124 totius
1318 4075 1475 4126 laudationis
1495 4075 1577 4142 expli·

285 4181 358 4226 catur
379 4203 409 4212 -
431 4190 484 4238 quo
502 4173 573 4222 liber
590 4174 689 4239 optime
707 4171 873 4222 concluditur
893 4199 926 4207 -
946 4171 994 4220 sed
1013 4173 1091 4221 etiam
1109 4172 1230 4235 Agesilai
1248 4179 1331 4222 morte
1350 4174 1483 4224 celebrata
1502 4181 1579 4239 aptus

285 4272 314 4322 fit
338 4273 418 4321 totius
446 4269 533 4320 libelli
562 4269 631 4322 finis.
671 4270 781 4319 Videtur
807 4269 888 4331 igitur
914 4269 998 4334 capite
1021 4269 1162 4319 undecimo
1185 4270 1263 4321 sicuti
1287 4271 1465 4337 Cyropaediae
1494 4271 1579 4337 capite

285 4368 377 4417 ultimo
407 4375 433 4417 et
459 4367 498 4416 rei
525 4365 646 4431 publicae
674 4366 943 4415 Lacedaemoniorum
970 4366 1134 4430 paenultimo
1161 4367 1343 4428 demonstrari,
1368 4368 1577 4434 Xenophontem

284 4463 359 4515 libris
386 4464 440 4514 suis
468 4479 551 4512 novas
580 4478 654 4512 curas
681 4463 833 4529 impendere
855 4463 979 4515 voluisse.
1017 4465 1071 4513 Iam
1090 4480 1152 4514 vero
1174 4479 1232 4514 cum
1253 4465 1310 4530 ipse
1329 4470 1412 4514 morte
1431 4473 1499 4515 esset
1517 4481 1577 4530 pro·

284 4563 384 4612 hibitus
404 4562 468 4627 quin
487 4568 568 4610 totam
587 4559 766 4609 laudationem
785 4567 944 4622 retractaret,
965 4561 1060 4611 amicus
1077 4561 1133 4611 eius
1153 4560 1271 4612 Corinthi
1289 4563 1333 4611 vel
1356 4562 1483 4612 Phliunte
1502 4568 1576 4612 natus

285 4659 474 4709 retractationis
502 4657 548 4708 illa
576 4655 736 4706 lineamenta
764 4655 1035 4720 ἀνακεφαλαιώεεω(
1062 4659 1146 4707 forma
1172 4674 1236 4707 usus
1264 4674 1316 4708 una
1344 4675 1401 4708 cum
1426 4658 1578 4708 laudatione

285 4756 377 4808 edidit.
