3588 5312
819 317 1070 372 -aa-·

259 503 372 564 runtur,
402 496 454 571 qui
476 514 595 572 semper
617 495 932 554 Lacedaemoniorum
954 495 1089 572 partibus
1118 495 1257 554 faventes
1280 494 1396 552 Thebis
1419 491 1558 552 Corinthi

259 604 397 663 Phliunte
412 602 423 644 ¹
446 607 568 666 adiuvit.

359 713 408 772 De
440 715 623 791 paragraphi
650 714 807 791 proximae
835 714 934 771 verbis
967 709 1073 788 εὑρὼν
1103 711 1138 774 δὲ
1168 708 1476 788 ἀποτεταφρευμένα
1506 705 1559 770 καὶ

260 818 532 900 ἀπετταυρωμένα
554 820 681 886 ἅπαντα
704 823 755 900 (=
768 824 848 883 Hell.
863 825 892 881 V
907 828 936 896 4,
956 823 1018 901 38),
1045 820 1184 900 ὑπερβάτ
1206 822 1262 885 τὰ(
1288 819 1387 882 Κυνὸτ
1414 816 1557 896 κεφαλὰς

260 929 358 1013 ἐδῄου
373 931 431 1008 τὴν
447 930 558 1010 χῶραν
572 931 663 1010 μέχρι
681 934 739 994 τοῦ
760 928 873 994 ἄττεοε
888 932 1036 1009 Hagenus
1060 935 1104 991 sic
1127 934 1189 992 fere
1212 934 1393 1009 disputavit:
1417 932 1558 989 laudator

187 1070 189 1076 ·
260 1041 517 1121 Cynoscephalas,
541 1044 688 1100 Boeotiae
709 1038 838 1111 vicunt
861 1061 953 1117 quern
968 1042 1127 1117 Agesilaus
1152 1043 1321 1116 transgredi
1342 1059 1405 1099 non
1427 1048 1557 1117 poterat,

261 1170 330 1209 cum
355 1150 594 1229 Cynoscephalis
615 1152 794 1210 Thessaliae
816 1153 942 1210 collibus
965 1151 1112 1212 confudit.
1150 1151 1212 1209 Sed
1235 1152 1302 1227 quis
1325 1169 1381 1209 uos
1403 1151 1556 1224 refutabit,

261 1261 286 1318 si
310 1257 558 1339 Cynoscephalas
581 1263 679 1321 vicum
701 1271 753 1320 aut
774 1263 874 1338 ipsum
897 1263 925 1319 in
950 1262 1075 1319 collibus
1099 1263 1150 1337 qui
1171 1279 1266 1337 prope
1283 1260 1407 1319 Thebas
1429 1268 1499 1318 sunt
1520 1259 1558 1316 si·

262 1378 325 1427 tum
346 1371 439 1429 fuisse
461 1373 707 1430 contenderimus
730 1381 783 1428 aut
806 1373 844 1428 ab
866 1371 921 1429 illis
936 1389 1049 1429 nomen
1066 1389 1154 1428 suum
1176 1367 1320 1429 traxisse?
1353 1369 1461 1445 Neque
1477 1369 1556 1426 enim

262 1480 351 1537 aliam
373 1481 464 1537 video
487 1482 645 1556 rationem,
664 1499 725 1556 qua
746 1498 859 1537 nomen
879 1481 956 1537 illlus
980 1480 1037 1537 vici
1058 1481 1200 1555 explicari
1222 1481 1319 1556 possit
1331 1476 1351 1538 ³.
1397 1477 1469 1549 Qua
1490 1496 1557 1534 sen-

261 1589 358 1646 tentia
379 1591 508 1665 probata
530 1591 611 1648 nulla
632 1598 729 1649 restat
744 1588 915 1649 difficultas
944 1590 1104 1664 Agesilaus
1117 1589 1335 1648 Cithaeronem
1350 1598 1557 1662 transgressus

168 1741 170 1748 .
262 1717 330 1755 curn
345 1698 562 1757 Thebanorum
586 1701 773 1757 munimenta
788 1718 982 1775 perrumpere
1004 1719 1067 1757 non
1086 1709 1202 1776 posset,
1225 1699 1388 1757 occasione
1408 1699 1483 1755 data
1505 1714 1560 1772 per

262 1809 370 1866 collem
394 1809 523 1884 aliquem
544 1827 639 1885 prope
662 1809 786 1866 Thebas
809 1809 899 1866 situm
920 1810 998 1868 intra
1020 1810 1152 1866 hostium
1174 1809 1285 1866 vallum
1307 1808 1453 1884 pervenit.

361 1917 394 1975 ln
417 1918 515 1975 verbis
538 1918 568 1988 (ξ
586 1913 636 1994 23)
659 1913 896 1991 (υνεττηκότων
918 1913 978 1994 ἤδη
995 1915 1144 1978 Βοιωτῶν
1166 1934 1200 1978 τε
1223 1913 1354 1978 πάντων
1376 1913 1428 1976 καὶ
1447 1908 1558 1989 Ἀρκά-

184 2079 187 2090 .
262 2027 327 2088 όων
351 2023 403 2086 καὶ
424 2012 556 2088 Ἠλείων
578 2035 707 2084 nonest
729 2027 957 2096 offendendum,
981 2030 1064 2103 quod
1085 2017 1194 2085 Boeoti
1216 2027 1411 2102 expeditione
1427 2023 1560 2101 Agesilai

264 2135 348 2193 iacta
370 2135 452 2193 Eleis
482 2137 605 2193 demum
632 2137 743 2194 auxilio
765 2146 914 2196 venerunt
937 2132 1029 2216 (Hell.
1051 2138 1095 2194 VI
1118 2139 1145 2216 5,
1171 2140 1207 2197 19
1228 2134 1316 2212 sqq).
1362 2134 1403 2193 Ut
1426 2134 1560 2192 hostiurn

264 2263 407 2303 numerus
428 2253 585 2320 augeatur,
608 2263 664 2304 suo
684 2248 749 2305 iure
769 2249 910 2306 laudator
930 2265 983 2306 eos
999 2265 1124 2324 quoque
1145 2248 1283 2304 nominat
1298 2264 1425 2322 quorum
1448 2245 1559 2303 adven·

264 2363 313 2412 tus
335 2355 365 2411 in
388 2355 454 2414 dies
476 2356 572 2429 magis
596 2357 837 2432 exspectabatur.

369 2467 508 2523 Summas
530 2465 723 2525 difficultates
756 2468 787 2524 in
818 2467 1011 2543 paragrapho
1042 2468 1215 2542 insequenti
1239 2467 1387 2541 Hagenus
1417 2474 1448 2522 et
1473 2464 1561 2521 Hart-

266 2591 395 2631 mannus
424 2574 577 2633 invenisse
605 2576 662 2632 sibi
691 2576 745 2633 visi
772 2586 852 2636 sunt.
896 2576 998 2651 Atque
1022 2578 1152 2653 primum
1182 2578 1322 2634 laudator
1344 2573 1559 2649 Xenophontis

265 2680 495 2760 locum(V14,
523 2680 575 2761 rt)
597 2681 737 2760 doliture(
765 2679 792 2745 δ’
821 2680 930 2746 αὐτῶν
956 2684 1174 2761 Σπαρτιατῶν,
1204 2680 1308 2746 ὄντων
1334 2683 1399 2744 τῶν
1427 2679 1492 2742 ἐκεῖ
1517 2677 1561 2740 ῶτ

265 2789 462 2854 ἑπτακοείων
484 2791 677 2868 τεθνηκότα(
700 2790 773 2869 περὶ
793 2792 1015 2870 τετρακοείουτ
1038 2815 1101 2853 non
1123 2795 1307 2853 intellexisse
1329 2795 1448 2861 dicitur,
1477 2792 1562 2867 quod

264 2903 361 2960 verbis
382 2898 433 2962 καὶ
455 2899 562 2964 αὐτῶν
584 2901 795 2978 Σπαρτιατῶν
822 2900 860 2964 οὐ
890 2901 1027 2981 μειόνων
1052 2900 1268 2965 ἀπολωλότων
1291 2900 1326 2964 ἐν
1348 2905 1386 2982 τῇ
1409 2898 1444 2964 ἐν
1468 2898 1560 2962 λεύκ-

264 3028 351 3086 τροιε
379 3008 460 3092 μάχῃ
493 3009 512 3086 ἢ
541 3009 739 3088 λειπομένων
769 3015 900 3071 totidem
922 3013 1088 3089 Spartiatas
1110 3013 1258 3072 cecidisse
1281 3013 1466 3088 significetur
1488 3021 1562 3088 quot

266 3121 390 3178 omnino
422 3131 494 3197 post
524 3140 658 3196 pugnarn
685 3121 813 3197 Spartae
841 3124 946 3198 reliqui
972 3124 1094 3183 fuerint.
1139 3122 1202 3180 Sed
1228 3133 1261 3181 ut
1290 3124 1431 3181 omittam
1459 3123 1562 3180 Xeno-

264 3230 388 3305 phontis
411 3231 500 3288 verba
524 3225 627 3291 ὄντων
649 3229 713 3292 τῶν
737 3227 802 3290 ἐκεῖ
823 3248 849 3292 κ.
867 3248 894 3291 τ,
911 3231 937 3290 λ.
960 3250 999 3289 ne
1021 3249 1038 3287 a
1063 3250 1158 3308 puero
1181 3233 1307 3309 quidem
1329 3233 1409 3290 male
1430 3232 1562 3306 intellegi

265 3355 369 3414 posse,
402 3339 460 3396 hoc
492 3338 558 3396 loco
588 3339 712 3396 verbum
744 3335 927 3415 λειπόμενοι
961 3341 1020 3398 alio
1043 3343 1138 3398 modo
1162 3342 1302 3416 explicari
1324 3343 1429 3418 nequit
1451 3342 1508 3399 nisi
1531 3336 1561 3401 οἱ

265 3443 301 3508 ἐν
321 3449 359 3528 τῇ
386 3444 421 3508 ἐν
443 3443 613 3523 Λεύκτροιε
642 3444 725 3529 μάχῃ
749 3444 939 3524 λειπόμενοι.
982 3450 1062 3507 Tum
1085 3451 1116 3507 in
1139 3469 1176 3507 eo
1199 3460 1361 3526 peccatum
1383 3469 1452 3509 esse
1475 3469 1563 3525 argu·

266 3566 452 3627 mentantun
480 3560 565 3633 quod
589 3560 670 3616 duae
694 3559 724 3615 in
748 3558 931 3616 Laconicam
961 3561 1174 3636 expeditiones
1206 3562 1353 3620 confusae
1381 3562 1442 3618 sint
1471 3561 1563 3617 etde

266 3666 402 3741 Agesilai
423 3669 586 3742 prudentia
608 3668 690 3725 idem
713 3669 751 3725 sit
773 3669 917 3727 traditum
940 3671 1026 3744 quod
1048 3671 1079 3727 in
1100 3670 1225 3728 historia
1241 3669 1363 3729 Graeca
1379 3667 1450 3746 (Vll
1463 3672 1492 3748 5,
1510 3667 1562 3744 11)

266 3777 307 3832 de
322 3775 547 3850 Epaminonda.
582 3776 731 3834 Neutrum
750 3793 877 3852 possum
898 3776 1038 3852 probare.
1071 3774 1182 3835 Omnia
1205 3779 1286 3835 enim
1310 3795 1390 3854 quae
1412 3777 1472 3835 hoc
1494 3778 1562 3834 loco

266 3893 425 3942 narrantur
445 3887 485 3943 ad
508 3885 737 3960 expeditionem
759 3903 786 3946 a.
810 3887 869 3945 369
891 3884 1004 3943 factam
1026 3887 1190 3961 pertinent,
1214 3896 1307 3961 atque
1329 3885 1563 3962 Epaminondae

267 3995 424 4070 expeditio
445 3988 487 4072 (a.
510 3994 584 4069 362)
607 4011 705 4070 aeque
728 4011 764 4052 ac
785 4012 890 4070 pugna
912 3996 953 4053 ad
975 3994 1162 4053 Mantineam
1185 3996 1347 4052 commissa
1378 3996 1501 4053 omnino
1524 3997 1563 4053 si·

366 4273 570 4327 ¹Phliasiorum
590 4277 728 4327 nobilibus
747 4283 777 4326 nt
793 4277 936 4340 Agesilaus
959 4277 986 4326 in
1009 4277 1098 4343 primis
1121 4279 1220 4328 amicus
1246 4286 1301 4329 erat
1325 4277 1408 4347 (Hell.
1428 4280 1454 4328 V
1473 4278 1497 4338 3,
1519 4277 1563 4344 13)

266 4374 303 4422 ita
331 4373 466 4438 Xenopho
498 4374 526 4422 in
555 4374 695 4439 postremis
728 4373 931 4424 Helleuicorum
959 4374 1036 4424 libris
1064 4374 1156 4424 laudes
1183 4390 1276 4425 eorum
1308 4377 1377 4426 canit
1403 4374 1456 4442 (VI
1474 4373 1500 4442 5,
1519 4375 1563 4428 38.

267 4471 321 4521 VH
339 4469 365 4530 2,
385 4469 400 4521 1
415 4485 473 4536 sqq.
493 4469 535 4523 16.
554 4469 579 4530 3,
598 4469 635 4536 1).

366 4562 378 4602 ²
396 4567 545 4634 Stephanus
566 4569 708 4635 Byzantius
728 4584 749 4621 s.
767 4590 792 4622 v.

366 4657 377 4698 ³
395 4664 472 4716 sicuti
491 4681 567 4716 mons
587 4674 613 4718 et
631 4667 705 4717 vicus
724 4665 882 4733 Corydallus
903 4682 987 4733 prope
1005 4667 1135 4722 Athenas.
