3588 5312
846 407 1021 463 ..30-

281 577 371 640 Dem.
398 581 436 641 26
460 613 500 623 -
523 581 614 656 Ages.
636 582 650 638 l
674 585 712 641 17
744 583 829 639 tva
862 584 1048 658 Ananis,
1074 587 1110 645 11
1145 585 1255 663 Cyrop.
1278 589 1292 645 I
1315 591 1342 662 2,
1369 585 1410 664 7).
1455 589 1581 663 Quanto

280 708 374 766 opere
398 698 500 748 autem
524 710 592 748 cum
615 692 829 767 Xenophontis
850 693 973 767 ingenio
997 704 1147 770 congruat
1168 696 1303 771 Agesilai
1325 697 1417 755 fidem
1441 709 1472 756 et
1495 701 1581 757 iuris·

280 801 399 857 iurandi
422 801 645 859 observantiam
668 802 791 870 laudari,
815 801 903 859 facile
929 804 1084 879 intelleget
1106 807 1158 880 qui
1180 806 1323 864 historiae
1348 807 1488 866 Graecae
1510 827 1579 883 par·

280 918 343 968 tem
372 911 573 986 posteriorem
606 893 775 967 accuratius
809 912 924 985 legerit.
969 912 1093 971 Laudes
1124 916 1268 989 denique,
1303 917 1413 989 quibus
1446 919 1581 991 Agesilai

280 1021 405 1077 virtutes
428 1021 557 1093 scriptor
584 1019 669 1076 effert
692 1020 782 1094 plane
804 1015 984 1096 philosophi
1000 1024 1105 1098 modo,
1137 1042 1239 1080 nonne
1272 1025 1303 1080 in
1325 1027 1502 1084 memoriam
1525 1029 1580 1104 tibi

279 1136 426 1185 revocant
449 1128 603 1184 orationes
625 1127 690 1184 illas
717 1129 790 1185 satis
811 1129 921 1186 multas
944 1138 976 1186 et
998 1131 1158 1206 languidas
1182 1133 1293 1207 quibus
1315 1133 1507 1209 Cyropaedia
1529 1154 1578 1191 re-

280 1237 357 1293 ferta
380 1232 448 1294 est?
479 1235 514 1292 Id
536 1245 638 1293 autern
654 1239 740 1312 quod
762 1238 854 1294 totius
877 1239 992 1313 dialogi
1008 1242 1199 1314 propositum
1214 1250 1262 1298 est
1279 1260 1347 1299 cum
1360 1244 1576 1320 Xenophontis

279 1347 393 1420 agendi
415 1354 447 1402 et
469 1346 622 1402 scribendi
644 1347 797 1422 principiis
820 1349 900 1404 adeo
924 1349 1072 1422 congruit,
1097 1356 1129 1405 ut
1154 1352 1341 1424 argumentis
1365 1370 1439 1409 sane
1461 1355 1577 1428 gravis·

280 1456 362 1512 simis
385 1473 462 1530 opus
485 1457 523 1512 sit
548 1457 588 1512 ad
612 1456 787 1529 Agesilaum
810 1457 837 1513 ei
859 1457 1108 1516 abiudicandum.

379 1563 487 1640 Capite
510 1565 630 1621 decimo
655 1557 686 1641 (ξ
713 1563 743 1638 2)
765 1565 891 1640 scriptor
914 1566 1053 1623 dilucidis
1074 1567 1171 1624 verbis
1193 1569 1372 1643 pronuntiat
1394 1587 1577 1644 persuasum

279 1674 334 1730 sibi
357 1689 425 1729 esse
447 1673 581 1748 Agesilai
604 1669 745 1728 virtute'rn
772 1673 807 1729 iis
829 1673 880 1748 qui
908 1668 1127 1747 ἀνδραγαθίαν
1161 1693 1305 1732 exercere
1328 1679 1421 1734 velint
1454 1697 1575 1755 semper

279 1784 434 1856 egregium
455 1782 588 1838 futurum
609 1799 676 1839 esse
700 1782 878 1857 exemplum.
920 1781 1030 1838 Nonne
1052 1785 1192 1858 agnoscis
1215 1784 1473 1861 Xenophontem?
1514 1788 1575 1846 Hic

278 1891 409 1948 Socratis
432 1889 501 1966 Cyri
524 1891 657 1964 Agesilai
680 1907 837 1964 personas
869 1908 945 1965 quas
967 1893 1034 1967 ipse
1057 1893 1191 1949 candida
1215 1895 1417 1952 venerabatur
1445 1899 1576 1956 admira·

280 2003 372 2068 tione,
398 2018 434 2057 eo
457 2001 647 2074 potissimum
670 2001 797 2057 consilio
820 2001 899 2057 libris
922 2002 984 2057 suis
1009 2001 1157 2075 expressit
1185 2010 1217 2058 et
1239 2004 1411 2078 delineavit,
1443 2016 1476 2063 ut
1499 2009 1577 2065 ado-

280 2114 432 2171 lescentes
456 2114 486 2169 in
516 2113 633 2169 illorum
654 2131 753 2170 mores
784 2131 817 2170 se
840 2111 1039 2175 formarentl.
1084 2116 1154 2192 lpse
1187 2117 1292 2174 urbem
1317 2120 1454 2192 patriam,
1486 2135 1576 2192 quam

280 2221 429 2280 Pindarus
464 2224 535 2280 olim
566 2218 693 2298 ἕρειεμα
724 2225 781 2297 τῆ(
808 2212 964 2285 Ἑλλάδα(
996 2237 1167 2300 vocaverat,
1201 2227 1281 2284 bello
1316 2228 1578 2304 Peloponnesiaco

280 2332 407 2390 fractam
429 2335 548 2390 viderat
564 2351 663 2408 neque
688 2335 733 2390 vel
756 2335 854 2409 plebis
871 2336 918 2391 vel
940 2354 1045 2393 eorum
1066 2337 1117 2411 qui
1141 2337 1246 2412 populi
1267 2339 1395 2411 gratiam
1418 2345 1577 2413 captarent

279 2443 523 2500 dominationem
547 2442 678 2500 Socratis
702 2445 858 2518 disciplina
882 2445 1024 2520 imbutus,
1048 2446 1199 2502 nobilitati
1223 2447 1327 2504 favens
1351 2465 1494 2522 umquam
1519 2464 1575 2522 po·

279 2559 358 2608 terat
379 2569 492 2609 amare.
527 2551 635 2626 Itaque
656 2571 723 2610 cum
740 2553 894 2611 Proxenus
918 2573 988 2612 eum
1012 2556 1206 2624 invitavisset,
1229 2564 1261 2630 ut
1277 2554 1344 2631 Cyri
1367 2556 1573 2631 expeditionis

276 2661 429 2736 particeps
451 2661 548 2729 lieret,
571 2661 699 2719 libenter
721 2663 804 2720 dicto
828 2665 956 2722 audieus
979 2665 1044 2724 fuit.
1099 2665 1168 2738 Cyri
1189 2674 1219 2722 et
1243 2666 1378 2740 Agesilai
1401 2685 1504 2723 comes
1525 2683 1574 2722 so-

278 2771 417 2844 dalisque
439 2770 536 2828 factus
557 2771 872 2829 Lacedaemoniorum
895 2790 995 2830 mores
1019 2782 1050 2830 et
1079 2774 1218 2833 instituta
1240 2778 1271 2832 in
1305 2777 1371 2834 dies
1393 2774 1490 2848 magis
1524 2783 1575 2831 est

276 2881 444 2938 admiratus
468 2894 500 2936 et
529 2887 599 2954 post
621 2898 755 2955 pugnam
789 2883 829 2938 ad
857 2880 1030 2939 Coroneam
1064 2885 1256 2941 commissam
1288 2885 1394 2941 exsilio
1427 2884 1572 2941 multatus

276 2988 532 3046 Lacedaemoniis
555 2998 653 3046 totum
678 3007 711 3046 se
735 2991 863 3046 dedidit.
907 2990 1007 3064 Atque
1030 3002 1063 3048 ut
1084 2993 1217 3067 ingenue
1240 2993 1346 3061 fatear,
1370 2993 1453 3050 haud
1479 3011 1573 3068 parva

275 3098 367 3155 laude
386 3099 540 3172 Xenopho
564 3099 673 3173 dignus
697 3099 768 3156 mihi
791 3101 909 3157 videtur
931 3119 999 3157 esse
1026 3101 1086 3177 qui,
1111 3119 1181 3159 cum
1203 3104 1289 3160 multi
1320 3104 1360 3159 de
1383 3103 1571 3161 Graecorum

273 3209 364 3264 rebus
389 3208 568 3264 ordinandis
592 3209 809 3282 desperassent
832 3226 988 3284 novasque
1011 3210 1053 3267 rei
1074 3212 1214 3285 publicae
1238 3212 1350 3268 formas
1379 3209 1571 3270 scrutand02

275 3326 396 3392 tempus
418 3319 594 3392 perderent,
614 3318 681 3392 ipse
704 3319 835 3376 Socratis
859 3320 1031 3377 doctrinam
1063 3339 1129 3377 cum
1152 3319 1370 3394 Spartiatarum
1401 3322 1572 3380 eruditione

273 3427 393 3484 militari
414 3427 539 3484 mixtam
573 3428 604 3483 in
627 3445 716 3485 usum
745 3428 900 3503 publicum
933 3429 1094 3486 transferre
1131 3447 1223 3487 ausus
1247 3432 1293 3488 sit.
1348 3431 1435 3488 Licet
1471 3449 1570 3488 rerum

273 3548 400 3596 eventus
422 3555 493 3594 eum
520 3538 668 3614 fefellerit,
692 3546 797 3595 tamen
821 3539 904 3596 haud
927 3539 990 3596 scio
1013 3557 1051 3597 an
1068 3538 1255 3596 Graecorum
1278 3542 1449 3598 commodis
1473 3540 1570 3597 multo
1621 3551 1624 3558 '

273 3649 369 3722 magis
386 3641 571 3704 consuluerit
593 3665 685 3722 quam
699 3648 848 3704 Isocrates
871 3650 921 3722 qui
937 3649 1037 3705 surdis
1054 3649 1176 3705 auribus
1193 3651 1335 3706 canendo
1350 3667 1473 3724 prorsus
1496 3648 1569 3706 nihil

274 3757 384 3817 effecit.

372 3865 433 3923 Sed
456 3875 641 3922 revertamur
668 3865 709 3922 ad
731 3865 763 3922 id
787 3865 870 3922 unde
900 3865 1029 3940 profecti
1051 3883 1164 3925 sumus.
1208 3865 1280 3923 Veri
1317 3875 1365 3924 est
1386 3866 1567 3924 simillimum

274 4005 310 4015 —
333 3983 366 4032 ut
396 3973 491 4050 Cyrus
524 3973 718 4049 Cyropaedia
749 3983 781 4030 et
813 3973 955 4031 Socrates
985 3973 1232 4031 Memorabilibus
1257 4005 1290 4014 -
1318 3976 1361 4032 ita
1391 3977 1568 4050 Agesilaum

271 4101 395 4160 quoque
419 4085 560 4160 singulari
582 4085 682 4141 libello
707 4103 725 4140 a
748 4083 957 4159 Xenophonte
981 4084 1166 4141 celebratum
1189 4101 1268 4144 esse.
1313 4083 1391 4142 Nam
1423 4102 1492 4142 cum
1522 4084 1566 4142 hi-

370 4356 381 4394 1
399 4361 433 4412 cf.
451 4359 653 4410 Wilamowitzii
673 4361 705 4410 de
723 4360 772 4409 hac
791 4375 819 4409 re
837 4359 918 4410 verba
937 4360 965 4410 in
983 4360 1067 4424 Isyllo
1086 4360 1166 4425 Epid.
1185 4357 1219 4411 41
1236 4376 1275 4425 sq.

369 4453 382 4492 2
400 4459 431 4509 cf.
449 4458 530 4510 Isocr.
554 4457 622 4507 Phil.
638 4456 671 4508 12
689 4456 749 4510 ἀλλ’
769 4455 874 4521 ὁμοίως
896 4455 922 4508 οἱ
942 4461 1068 4509 τοιοῦτοι
1091 4456 1219 4522 (loquitur
1237 4456 1300 4521 περὶ
1318 4459 1378 4508 τῶν
1397 4461 1458 4509 ταῖς
1476 4471 1566 4521 πανη-

268 4554 377 4621 γύρεαν
397 4554 591 4620 ἐνοχλούντων
614 4555 679 4603 mira
699 4555 813 4619 quadam
836 4553 865 4602 in
891 4569 919 4604 se
943 4554 1028 4619 ipsum
1046 4554 1136 4613 ironia)
1156 4556 1216 4604 τῶν
1234 4553 1328 4616 λόγων
1347 4553 1446 4619 ἄκυροι
1464 4553 1564 4618 τυγχά-

269 4667 363 4705 νουειν
387 4653 467 4706 ὅντε(
488 4657 549 4706 rote
572 4652 669 4717 νόμοι(
691 4651 736 4702 καὶ
758 4654 820 4702 ταῖς
842 4648 994 4703 πολιτεῖαι(
1016 4655 1079 4703 ταῖς
1102 4649 1159 4703 ὑπὸ
1189 4653 1249 4701 τῶν
1277 4655 1416 4716 εοφιετῶν
1444 4666 1565 4717 γεγραμ-

270 4749 371 4816 μέναιε.
