3588 5312
807 359 984 424 ..14-

250 559 328 604 esse.
371 538 462 604 Hanc
482 542 747 605 ratiocinationem
769 564 833 604 non
854 563 979 623 possum
1002 549 1142 622 probare.
1186 544 1265 606 Illud
1293 541 1416 606 dicendi
1446 559 1543 623 genus

249 656 335 730 qnod
355 672 412 714 nos
425 654 684 730 Xenophonteum
707 655 809 714 dicere
831 656 976 733 solemus,
995 686 1035 698 -
1056 655 1269 734 Cyropaedine
1290 657 1406 716 scilicet
1427 665 1458 714 et
1474 656 1543 734 Cyri

249 764 372 821 minoris
396 765 600 840 expeditionis
625 795 660 806 —
683 781 747 822 non
768 773 834 822 erat
855 765 1023 822 laudationi
1045 774 1159 841 aptum.
1194 765 1345 826 Isocrates
1370 767 1543 843 quindecim

182 857 184 862 A
250 874 312 933 fere
335 875 423 932 annis
445 882 518 932 ante
539 875 652 950 primus
668 875 762 932 virum
784 875 886 950 paullo
909 883 1001 933 antea
1020 884 1173 933 mortuum
1195 875 1337 933 encomio
1358 876 1545 936 laudaverat.

249 984 317 1042 Iam
339 985 480 1060 neglecto
503 984 628 1059 antiquo
651 1001 734 1042 more
760 985 911 1062 religioso,
935 1002 996 1060 quo
1017 985 1096 1044 viros
1119 987 1160 1043 de
1182 985 1358 1060 republica
1380 985 1459 1043 bene
1478 1003 1544 1042 me-

187 1157 189 1162 ,
248 1095 322 1152 ritos
343 1094 488 1169 singulari
508 1093 608 1151 libello
629 1093 676 1149 vel
697 1093 836 1150 oratione
858 1093 985 1150 laudare
1007 1091 1093 1150 nefas
1116 1092 1297 1170 habebatur,
1320 1093 1408 1150 multi
1423 1093 1544 1150 Isocra·

249 1213 311 1262 tem
334 1203 431 1262 secuti
454 1210 526 1260 sunt
546 1203 773 1261 laudationibus
796 1202 827 1259 in
854 1202 1040 1278 singulorum
1068 1201 1216 1259 honorem
1244 1201 1431 1279 compositis.
1475 1202 1545 1262 Alia

249 1330 322 1370 vero
345 1293 444 1370 dictio·
460 1312 525 1370 eius
548 1321 595 1369 est
619 1311 740 1386 quires
763 1320 867 1386 gestas
889 1321 1001 1386 narrat,
1023 1310 1083 1368 alia
1105 1312 1169 1370 eius
1190 1311 1242 1386 qui
1266 1311 1391 1369 virtutes
1413 1310 1543 1370 hominis

248 1421 403 1479 rhetorum
424 1423 520 1478 modo
547 1438 656 1478 ornare
689 1421 804 1478 studet.
846 1421 953 1496 Itaque
976 1420 1001 1477 si
1022 1419 1175 1495 Xenopho
1192 1419 1369 1495 Agesilaum
1392 1428 1459 1480 erat
1480 1423 1545 1478 lau·

250 1531 376 1588 daturus
391 1525 412 1604 ¹,
442 1529 505 1587 fieri
526 1547 590 1587 non
611 1537 734 1605 poterat
755 1530 827 1605 quin
854 1529 982 1587 formam
1004 1529 1135 1587 encomii
1156 1548 1175 1586 a
1197 1530 1367 1588 rhetoribus
1390 1530 1544 1588 excultam

248 1649 417 1715 usurparet,
440 1631 569 1714 quoru'm
584 1641 687 1698 studia
707 1641 860 1699 Isocrates
876 1639 989 1715 primus
1004 1658 1023 1697 a
1044 1641 1134 1715 nugis
1157 1648 1252 1714 atque
1274 1639 1395 1715 ineptiis
1419 1659 1488 1698 cum
1503 1642 1544 1699 ad

249 1748 308 1807 alia
329 1757 392 1805 tum
414 1749 455 1805 ad
475 1747 606 1804 virorum
629 1747 778 1805 bonorum
801 1764 848 1805 res
871 1757 976 1824 gestas
999 1749 1170 1806 laudandas
1196 1757 1402 1810 revocaverat.

349 1855 431 1927 Quid
453 1855 664 1914 laudationum
690 1865 784 1931 atque
810 1857 903 1914 totius
932 1859 1164 1916 demonstrativi
1185 1858 1305 1932 generis
1329 1859 1452 1916 dicendi
1473 1877 1545 1935 pro·

246 1966 344 2041 prium
369 1966 417 2036 sit,
439 1983 530 2041 supra
551 1967 840 2025 demonstravimus:
872 1984 973 2025 mores
999 1977 1092 2042 atque
1115 1967 1241 2024 virtutes
1264 1977 1406 2026 accurate
1429 1969 1546 2027 descri-

247 2075 367 2144 buntur,
399 2093 498 2133 rerum
522 2075 680 2151 praeclare
707 2085 863 2151 gestarum
884 2078 991 2135 laudes
1013 2078 1044 2134 iu
1067 2086 1150 2135 astra
1172 2057 1328 2150 tolluntur,
1355 2078 1541 2137 calamitates

248 2192 280 2241 et
302 2193 402 2243 errata
423 2185 543 2242 silentio
565 2193 806 2261 praetereuntur,
835 2195 1005 2262 temporum
1031 2187 1108 2244 ratio
1136 2187 1318 2262 neglegitur.
1358 2187 1423 2246 Iam
1443 2189 1541 2264 inqui·

247 2296 376 2352 rendum
409 2302 464 2367 est,
502 2294 635 2370 Agesilai
667 2296 829 2353 encomion
861 2297 903 2353 ad
935 2296 1088 2353 rhetorum
1120 2304 1287 2370 praecepta
1326 2306 1468 2355 exactum
1504 2297 1543 2355 sit

247 2418 356 2461 necne.

345 2511 393 2570 Ac
413 2511 542 2586 primum
565 2511 690 2589 quidem
710 2513 860 2570 rationem
882 2513 946 2570 eius
968 2509 1087 2589 partis2
1109 2514 1304 2589 exploremus
1330 2531 1392 2592 qua
1414 2532 1463 2572 res
1485 2531 1539 2590 ge·

247 2626 314 2676 stae
337 2618 473 2692 Agesilai
495 2628 682 2694 enarrantur,
705 2636 786 2693 quae
806 2620 947 2678 laudator
961 2621 1095 2679 omiserit
1111 2622 1158 2679 vel
1175 2624 1338 2681 mutaverit
1352 2623 1543 2700 indagando.

246 2725 413 2785 Maioribus
435 2728 593 2804 patriaque
615 2729 746 2787 laudatis
772 2730 900 2806 scriptor
922 2731 1005 2788 litem
1027 2733 1068 2790 de
1092 2750 1188 2808 regno
1211 2733 1290 2792 inter
1311 2733 1489 2808 Agesilaum
1511 2743 1544 2793 et

247 2837 467 2912 Leotychidam
487 2847 584 2896 ortam
607 2855 645 2895 eo
661 2841 863 2915 compositam
887 2857 956 2898 esse
979 2842 1062 2909 dicit,
1093 2843 1178 2916 quod
1200 2841 1370 2918 Spartiatae
1390 2861 1488 2920 genus
1511 2852 1542 2902 et

245 2947 371 3004 virtutes
393 2948 527 3022 Agesilai
552 2948 757 3025 praeferenda
782 2967 849 3008 esse
880 2951 1133 3009 existimavissent
1162 2951 1189 3026 (I
1214 2949 1254 3029 5).
1298 2953 1381 3011 Nihil
1414 2955 1543 3030 legimus

245 3072 449 3131 eorumquae
471 3057 503 3114 in
523 3056 648 3116 historia
664 3056 783 3116 Graeca
805 3053 860 3134 (111
882 3059 910 3137 3,
934 3055 1046 3136 3sqq.)
1068 3069 1242 3121 narrantur:
1265 3061 1427 3138 Lysandro
1448 3065 1543 3139 potis·

245 3166 354 3223 simum
376 3174 501 3223 auctore
523 3167 662 3242 quitum
685 3163 814 3242 Spartae
837 3169 996 3243 plurimum
1019 3170 1133 3227 valeret
1157 3171 1334 3246 Agesilaum
1355 3190 1458 3248 regem
1481 3173 1543 3232 fac·
1610 3138 1614 3154 Ι

244 3284 308 3334 tum
327 3295 403 3336 esse.
435 3277 528 3334 Simili
542 3279 636 3336 modo
659 3278 790 3336 encomii
812 3280 940 3356 scriptor
961 3280 1034 3338 dicit
1057 3281 1234 3355 Agesilaum
1258 3283 1358 3358 ipsum
1384 3283 1543 3359 Spartiatis

244 3388 449 3463 proposuisse,
473 3395 507 3444 ut
528 3405 597 3446 cum
619 3397 691 3446 octo
714 3389 830 3446 milibus
854 3390 981 3447 militum
1002 3390 1034 3447 in
1054 3391 1161 3448 Asiam
1184 3393 1452 3461 transmitteretur,
1473 3409 1543 3450 cum

245 3511 282 3551 ex
305 3494 469 3554 Hellenicis
498 3492 555 3576 (ΙΙΙ
579 3499 606 3572 4,
631 3492 664 3572 2)
691 3506 812 3556 constet
833 3499 1026 3574 Lysandrum
1050 3501 1195 3575 Agesilao
1219 3500 1252 3557 id
1273 3502 1460 3575 persuasisse
1482 3500 1543 3560 hoc

244 3605 376 3663 maxime
398 3606 533 3677 consilio
560 3616 593 3665 ut
614 3607 681 3684 ipse
703 3625 742 3666 ea
764 3626 844 3683 quae
866 3609 938 3666 olim
961 3609 993 3666 in
1014 3594 1089 3668 Asia
1109 3617 1275 3668 novaverat
1301 3611 1474 3668 restitueret
1496 3618 1543 3668 at·

245 3731 305 3790 que
326 3716 494 3792 perficeret.
538 3717 722 3775 Laudatioui
743 3718 883 3776 nimirum
910 3728 1015 3795 aptum
1041 3737 1105 3777 non
1134 3728 1200 3778 erat
1225 3720 1412 3778 mentionem
1441 3719 1543 3778 lacere

244 3824 309 3882 eius
332 3825 385 3882 viri
406 3827 458 3902 qui
479 3825 623 3901 Agesilao
644 3843 717 3900 rege
742 3826 786 3884 uti
808 3827 931 3885 volebat
953 3829 994 3886 ad
1016 3846 1072 3886 sua
1098 3829 1225 3888 consilia
1247 3829 1444 3906 perficienda.
1488 3829 1541 3888 Sa-

243 3929 327 3992 cris⁸
348 3951 473 4011 quoque
494 3953 575 4013 quae
597 3937 707 3994 Aulide
729 3936 852 3994 minime
876 3954 914 3993 ex
932 3947 1005 3994 voto
1030 3947 1241 3996 successerant
1262 3939 1382 3998 silentio
1404 3946 1541 4015 praeter·

242 4043 291 4102 itis
319 4043 336 4115 ἕ
362 4045 399 4103 11
430 4046 540 4103 eadem
568 4054 726 4133 narrantur
754 4063 836 4123 quae
864 4046 896 4103 in
917 4045 1083 4106 Hellenicis
1110 4046 1165 4122 (ΙΙΙ
1185 4050 1215 4126 4,
1236 4045 1277 4127 6),
1302 4049 1319 4120 ἓ
1341 4049 1380 4108 12
1408 4049 1543 4124 Agesilai

243 4220 442 4236 *nunant—.—

342 4327 353 4368 ¹
371 4330 429 4398 ipse
447 4341 535 4399 aperte
555 4331 619 4384 dicit
638 4333 732 4403 (Ages.
744 4334 775 4386 X
787 4334 827 4401 3):
853 4333 923 4389 ἀλλὰ
940 4331 995 4402 γὰρ
1014 4335 1051 4402 μή
1076 4333 1181 4404 θρῆνὸν
1200 4349 1242 4389 τι(
1257 4338 1363 4390 τοῦτον
1380 4335 1432 4390 τὸν
1450 4335 1539 4401 λόγον

241 4428 383 4494 νομιεάτω
402 4426 472 4482 ἀλλὰ
489 4427 562 4484 πολὺ
581 4433 687 4496 μᾶλλον
705 4431 854 4499 ἐγκώμιον.

340 4523 514 4594 ²pleraeque
541 4528 619 4578 huius
646 4529 728 4594 partis
761 4531 909 4581 sententiae
939 4531 973 4581 ad
1001 4532 1111 4584 verbum
1139 4531 1307 4582 consentiunt
1336 4545 1397 4583 cum
1429 4531 1543 4586 historia

242 4625 351 4678 Graeca.
590 4689 591 4692 Ἴ
717 4621 720 4630 ’

341 4718 403 4777 8cs.
422 4722 497 4778 Heli.
515 4720 588 4786 114,
607 4723 675 4794 3sq.
