3588 5312
759 371 935 427 ..31-

201 550 313 609 storiae
338 549 475 608 Graecae
506 549 588 606 libris
609 549 769 624 Agesilaus
792 549 861 606 belli
885 549 1032 625 pacisque
1062 549 1176 606 artibus
1198 551 1339 626 princeps
1368 551 1495 626 gloriam

198 661 388 718 inmortalem
410 668 593 717 consecutus
613 667 704 727 esset,
729 660 769 716 ad
794 658 925 732 effigiem
940 659 994 714 viri
1017 660 1055 716 ab
1078 659 1161 715 omni
1183 669 1269 734 parte
1292 661 1364 718 boni
1388 659 1494 734 (καλο-

199 766 348 845 κάγαθία)
378 770 596 844 perficiendam
626 785 726 825 mores
756 785 879 842 quoque
912 778 1003 842 atque
1040 770 1132 826 animi
1165 771 1288 827 virtutes
1318 780 1405 827 erant
1435 771 1495 828 lau·

199 881 311 938 danda.
338 879 481 953 Agesilao
498 880 589 953 igitur
603 889 723 936 mortuo
740 896 808 936 cum
824 877 908 934 multi
924 874 1063 952 ἐγκώμια
1080 889 1111 936 et
1129 874 1265 952 θρήνου(
1281 881 1310 936 in
1328 899 1396 936 cum
1412 897 1493 938 com·

199 989 382 1067 posuissent,
414 988 569 1063 Xenopho
591 989 657 1064 ipse
681 989 779 1046 amico
805 996 926 1044 mortuo
959 996 1193 1046 monumentum
1216 991 1403 1047 constituere
1433 1007 1497 1047 non

198 1098 357 1158 dubitavit.

298 1207 463 1263 Rationem
488 1207 622 1282 denique
654 1224 716 1282 qua
741 1205 856 1262 factum
889 1205 935 1273 sit,
971 1213 1004 1262 ut
1026 1223 1138 1281 magua
1170 1224 1240 1282 pars
1263 1208 1395 1264 encomii
1427 1225 1496 1265 cum

200 1316 326 1374 historia
343 1316 462 1374 Graeca
478 1318 519 1375 ad
535 1317 660 1375 verbum
675 1316 854 1383 consentiat,
878 1315 959 1373 hanc
981 1315 1072 1373 fuisse
1087 1325 1172 1391 puto,
1211 1316 1366 1392 Xenopho
1381 1335 1451 1374 cum
1465 1318 1497 1374 iu

200 1427 336 1506 Agesilai
356 1427 490 1484 exercitu
506 1434 599 1494 esset,
622 1426 857 1484 commentarios
880 1425 1061 1501 conscripsit
1075 1426 1127 1499 qui
1142 1426 1223 1482 aucti
1238 1435 1332 1500 atque
1348 1426 1497 1483 elaborati

198 1535 341 1593 historiae
365 1535 505 1594 Graecae
526 1544 644 1610 partem
666 1536 796 1610 priorem
818 1527 862 1613 (ΙΙ
885 1535 912 1606 3,
932 1533 1043 1593 10-V
1067 1536 1093 1606 1,
1117 1536 1165 1594 36.
1217 1534 1276 1593 buc
1297 1553 1361 1592 non
1382 1535 1497 1592 faciunt

202 1645 287 1702 I—ll
310 1647 336 1714 3,
363 1647 412 1720 10)
436 1646 600 1703 effecerunt
613 1640 633 1703 1.
678 1644 792 1702 Postea
814 1643 971 1700 historiam
993 1644 1153 1718 usquead
1176 1661 1290 1702 anuum
1314 1646 1373 1701 362
1398 1640 1496 1702 conti·

204 1772 298 1811 nuare
323 1756 488 1814 coustituit.
533 1754 753 1813 Conscribebat
774 1755 865 1830 igitur
893 1763 924 1810 et
945 1756 1131 1812 retractabat
1150 1753 1378 1813 Hellenicorum
1406 1757 1496 1815 libros

202 1871 386 1939 postremos
410 1883 479 1922 cum
496 1865 638 1941 Agesilao
658 1875 779 1922 mortuo
803 1866 977 1939 aequalium
998 1865 1251 1923 consuetudinem
1272 1867 1497 1924 observandam

203 1972 475 2049 laudationemque
511 1976 760 2048 componendam
790 1990 860 2031 esse
890 1975 1048 2034 intellexit.
1099 1975 1164 2032 Iam
1197 1991 1268 2031 vero
1306 1993 1354 2032 res
1393 1984 1497 2050 gestas

207 2081 341 2156 Agesilai
363 2100 460 2157 usque
483 2085 524 2141 ad
546 2101 660 2139 anuum
683 2085 742 2142 387
773 2101 809 2140 ex
833 2085 1058 2141 commentariis
1086 2084 1158 2140 olim
1186 2084 1363 2159 conscriptis
1386 2084 1497 2155 hausit,

208 2194 352 2267 quoniam
374 2192 414 2249 illi
436 2192 508 2249 nihil
531 2192 594 2248 fere
618 2193 673 2250 nisi
696 2192 827 2268 Agesilai
850 2194 1061 2268 expeditiones
1085 2202 1116 2249 et
1139 2194 1264 2251 consilia
1286 2195 1497 2264 continebant;

204 2301 352 2359 nonnulla
374 2301 528 2358 rhetorum
559 2304 653 2359 modo
677 2302 833 2359 exornavit
844 2297 865 2360 2.
911 2303 957 2360 Ea
979 2320 1059 2377 quae
1080 2312 1149 2377 post
1171 2303 1253 2360 illum
1275 2321 1390 2360 aunum
1416 2303 1498 2362 facta

203 2421 290 2468 erant
313 2429 351 2467 ex
364 2413 520 2495 'memoria
543 2411 665 2487 adiecit,
688 2411 867 2485 praesertim
889 2430 958 2470 cum
980 2411 1209 2469 Hellenicorum
1229 2413 1295 2470 libri
1316 2430 1418 2488 neque
1437 2415 1497 2471 iam

203 2521 336 2578 absoluti
350 2531 453 2578 essent
470 2529 502 2578 et
517 2522 604 2577 variis
621 2520 866 2594 degressionibus
890 2520 1062 2582 deformati.
1100 2520 1171 2593 Qua
1193 2522 1346 2580 sententia
1367 2523 1497 2597 probata

202 2648 265 2687 nou
279 2631 339 2688 iam
354 2631 535 2707 mirabimur,
558 2631 642 2704 quod
659 2631 751 2687 etiam
766 2639 838 2706 post
862 2649 888 2689 a.
902 2633 961 2690 387
984 2630 1128 2688 historiae
1149 2631 1277 2707 scriptor
1299 2650 1367 2689 curn
1391 2633 1497 2690 lauda·

203 2747 271 2796 tore
303 2741 465 2809 consentit,
500 2757 685 2815 quamquam
718 2740 875 2814 diligentia
906 2748 938 2795 et
967 2741 1130 2796 subtilitate
1161 2741 1210 2797 ille
1238 2740 1309 2798 huic
1340 2743 1498 2800 antecedit

202 2843 242 2926 (e.
265 2865 318 2923 gr.v
334 2849 510 2906 conferatur
529 2850 665 2923 gentium
687 2867 831 2907 numerus
855 2849 911 2926 Ag.
927 2849 955 2905 11
971 2851 1010 2908 24
1033 2866 1103 2906 cum
1117 2848 1197 2909 Hell.
1218 2849 1261 2907 VI
1277 2853 1305 2924 5,
1324 2847 1383 2926 23).
1427 2850 1498 2910 Una

203 2967 297 3015 restat
318 2961 458 3034 quaestio
489 2977 580 3034 quam
604 2961 773 3016 diiudicare
801 2961 957 3018 noluerim.
1002 2959 1100 3016 Nemo
1132 2959 1220 3016 facile
1243 2962 1396 3017 concedet
1429 2980 1498 3019 eum

203 3085 293 3142 quem
316 3085 372 3126 nos
395 3069 542 3125 habemus
559 3070 694 3144 Agesilai
716 3079 893 3128 contextum
916 3068 1161 3145 aXeuophonte
1183 3070 1301 3126 editum
1323 3086 1391 3127 esse
1413 3083 1497 3146 post·

204 3196 294 3252 quam
317 3178 461 3236 historiae
478 3179 618 3236 Graecae
635 3178 700 3236 libri
717 3173 856 3257 (llI—V)
872 3180 904 3236 in
918 3178 999 3236 hanc
1021 3178 1149 3237 formam
1164 3180 1282 3236 redacti
1303 3187 1383 3240 sunt.
1414 3180 1497 3256 Ergo

207 3353 402 3361 ———

301 3455 312 3494 ¹
330 3461 405 3511 vides
424 3476 466 3510 me
486 3461 558 3526 quod
578 3459 711 3509 cardinem
730 3459 767 3509 rei
786 3459 886 3514 adtinet
905 3475 963 3510 cum
982 3460 1148 3510 Rosenstilio
1168 3461 1384 3514 consentientem.

299 3553 396 3607 ²haec
415 3557 590 3607 additamenta
608 3557 814 3608 demonstrativo
838 3558 942 3608 dicendi
967 3573 1062 3621 genere
1087 3559 1229 3623 conspicua
1248 3559 1353 3623 saepius
1372 3558 1498 3623 particula

203 3653 258 3718 μὴν
278 3659 367 3704 notata
385 3660 453 3706 sunt.
481 3655 563 3704 Notio
583 3654 660 3704 huius
679 3655 751 3704 vocis
771 3661 811 3704 est
829 3670 860 3703 ea
878 3661 907 3704 ut
926 3654 1158 3720 ‘praecedentibus
1176 3654 1279 3719 aliquid
1298 3655 1423 3718 adiungat
1442 3655 1497 3704 sive

200 3751 228 3800 in
251 3751 375 3801 addendo
401 3767 496 3802 novum
519 3751 664 3800 membrum
688 3752 741 3800 sive
764 3751 793 3800 iu
818 3751 1023 3801 demonstrando
1045 3766 1140 3800 novum
1165 3745 1357 3813 argumentum'
1385 3753 1497 3815 (Hartm.

201 3865 225 3914 p.
245 3847 301 3915 47).
338 3849 427 3897 Abest
451 3849 479 3896 in
504 3847 693 3913 Xenophontis
718 3847 816 3912 scriptis
835 3864 851 3896 a
869 3846 982 3912 simplici
1006 3863 1090 3896 rerum
1110 3853 1242 3910 gestarum
1261 3847 1419 3914 narratione,
1439 3862 1497 3896 cum

200 3946 228 3995 iu
251 3943 415 3994 orationibus
436 3944 546 4009 aliisque
565 3944 621 3993 eius
644 3945 749 4007 generis
773 3942 835 3995 locis
862 3944 966 4008 saepius
995 3951 1119 3995 occurrat.
1158 3943 1268 3994 Causam
1290 3959 1353 3992 vero
1378 3958 1424 3992 cur
1442 3942 1498 4008 μὴν

201 4041 317 4091 omnium
336 4041 460 4090 librorum
480 4040 599 4105 plurimis
618 4040 686 4089 locis
704 4040 732 4089 in
750 4039 880 4103 Agesilao
901 4046 982 4089 exstet
1001 4038 1220 4105 (quinquagiesl)‚
1249 4039 1416 4102 Frederking
1434 4037 1498 4088 mihi

200 4137 304 4187 videtur
323 4137 455 4188 indicasse
475 4153 532 4186 cum
552 4137 617 4187 dicit
636 4135 708 4203 (ann.
727 4137 791 4202 phil.
812 4135 890 4189 1882.
909 4135 973 4203 535)
999 4136 1163 4201 frequentem
1182 4136 1325 4202 particulae
1348 4135 1403 4201 μὴν
1422 4151 1497 4185 usum

203 4234 282 4283 etiam
298 4233 325 4283 in
344 4234 422 4284 libris
441 4235 615 4298 neglegenter
632 4234 785 4300 compositis
804 4235 924 4286 inveniri.
962 4237 1027 4285 Pars
1046 4234 1180 4298 posterior
1198 4235 1323 4298 (III-X)
1341 4231 1432 4295 viginti
1451 4246 1498 4280 sex

200 4329 267 4379 locis
295 4330 350 4394 μὴν
378 4331 484 4382 exhibet
513 4359 544 4368 -
575 4347 670 4382 novem
699 4332 792 4396 capitis
815 4332 858 4380 XI
880 4330 946 4380 locis
970 4329 1077 4380 omissis
1104 4358 1144 4390 -,
1167 4346 1227 4395 pars
1251 4330 1321 4395 prior
1345 4329 1498 4394 quindecim

199 4428 223 4492 (Ι
242 4427 267 4479 3.
286 4426 310 4480 4.
329 4427 354 4480 5.
374 4429 398 4480 6.
419 4428 444 4481 9.
462 4428 505 4482 36.
525 4429 568 4482 37.
595 4427 666 4481 118.
688 4428 729 4480 12.
750 4427 791 4480 14.
811 4426 854 4480 23.
873 4425 916 4479 24.
936 4425 978 4479 25.
998 4425 1040 4480 26.
1061 4425 1113 4491 27).
1160 4426 1336 4476 Memorabile
1365 4441 1428 4475 vero
1457 4432 1498 4474 est

202 4522 257 4589 μὴν
283 4525 392 4574 omnino
417 4542 470 4575 uon
494 4522 607 4575 inveniri
627 4524 656 4573 in
677 4523 709 4573 iis
729 4539 796 4587 quae
814 4539 844 4572 ex
864 4521 1063 4572 commentariis
1082 4520 1208 4571 translata
1227 4526 1298 4578 sunt;
1327 4525 1416 4569 contra
1434 4533 1497 4568 non·

200 4619 282 4679 nulla,
309 4629 404 4688 postea
431 4621 564 4672 contextui
591 4621 719 4672 rhetorice
746 4621 845 4670 inserta
875 4620 911 4687 (11
937 4618 978 4671 12.
1005 4618 1058 4688 14),
1092 4620 1169 4669 etiam
1197 4616 1324 4684 particula
1351 4615 1406 4681 μὴν
1435 4631 1495 4666 con·

200 4718 293 4788 spicua
311 4735 378 4772 esse.
