<?xml version="1.0" encoding="UTF-8"?>
<!DOCTYPE html PUBLIC "-//W3C//DTD XHTML 1.0 Transitional//EN"
    "http://www.w3.org/TR/xhtml1/DTD/xhtml1-transitional.dtd">
<html xmlns="http://www.w3.org/1999/xhtml" xml:lang="en" lang="en">
 <head>
  <title>
</title>
<meta http-equiv="Content-Type" content="text/html;charset=utf-8" />
  <meta name='ocr-system' content='tesseract 3.04.00' />
  <meta name='ocr-capabilities' content='ocr_page ocr_carea ocr_par ocr_line ocrx_word'/>
</head>
<body>
  <div class='ocr_page' id='page_1' title='image "./quaestionesbiog00lippgoog_0020.png"; bbox 0 0 3588 5312; ppageno 0'>
   <div class='ocr_carea' id='block_1_1' title="bbox 809 326 985 390">
    <p class='ocr_par' dir='ltr' id='par_1_1' title="bbox 809 326 985 390">
     <span class='ocr_line' id='line_1_1' title="bbox 809 326 985 390; baseline 0 -14"><span class='ocrx_word' id='word_1_1' title='bbox 809 326 985 390; x_wconf 47' lang='grc' dir='ltr'><strong>,15ὦ</strong></span> 
     </span>
    </p>
   </div>
   <div class='ocr_carea' id='block_1_2' title="bbox 225 505 1548 2670">
    <p class='ocr_par' dir='ltr' id='par_1_2' title="bbox 225 505 1548 2670">
     <span class='ocr_line' id='line_1_2' title="bbox 247 505 1544 588; baseline -0.006 -12"><span class='ocrx_word' id='word_1_2' title='bbox 247 507 439 576; x_wconf 86' lang='lat' dir='ltr'><strong>iurisiurandi</strong></span> <span class='ocrx_word' id='word_1_3' title='bbox 470 509 663 571; x_wconf 86' lang='lat' dir='ltr'><strong>observantia</strong></span> <span class='ocrx_word' id='word_1_4' title='bbox 695 511 847 587; x_wconf 87' lang='lat' dir='ltr'><strong>laudatur,</strong></span> <span class='ocrx_word' id='word_1_5' title='bbox 882 513 1043 588; x_wconf 85' lang='lat' dir='ltr'><strong>sequentia</strong></span> <span class='ocrx_word' id='word_1_6' title='bbox 1073 520 1246 588; x_wconf 90' lang='lat' dir='ltr'><strong>congruunt</strong></span> <span class='ocrx_word' id='word_1_7' title='bbox 1278 531 1348 572; x_wconf 90' lang='lat' dir='ltr'><strong>cum</strong></span> <span class='ocrx_word' id='word_1_8' title='bbox 1377 505 1544 570; x_wconf 87' lang='lat' dir='ltr'><strong>Helleuicis</strong></span> 
     </span>
     <span class='ocr_line' id='line_1_3' title="bbox 246 616 1545 702; baseline -0.006 -17"><span class='ocrx_word' id='word_1_9' title='bbox 246 623 352 702; x_wconf 83' lang='lat'><strong>(1114,</strong></span> <span class='ocrx_word' id='word_1_10' title='bbox 379 616 507 700; x_wconf 88' lang='lat' dir='ltr'><strong>llsqq.)</strong></span> <span class='ocrx_word' id='word_1_11' title='bbox 521 618 542 683; x_wconf 88' lang='lat'><strong>¹.</strong></span> <span class='ocrx_word' id='word_1_12' title='bbox 581 622 698 681; x_wconf 90' lang='lat' dir='ltr'><strong>Notatu</strong></span> <span class='ocrx_word' id='word_1_13' title='bbox 724 623 850 696; x_wconf 91' lang='lat' dir='ltr'><strong>dignum</strong></span> <span class='ocrx_word' id='word_1_14' title='bbox 880 630 928 679; x_wconf 89' lang='lat' dir='ltr'><strong>est</strong></span> <span class='ocrx_word' id='word_1_15' title='bbox 951 622 1011 679; x_wconf 93' lang='lat' dir='ltr'><strong>hoc</strong></span> <span class='ocrx_word' id='word_1_16' title='bbox 1039 622 1108 679; x_wconf 92' lang='lat' dir='ltr'><strong>loco</strong></span> <span class='ocrx_word' id='word_1_17' title='bbox 1131 623 1265 697; x_wconf 82' lang='lat' dir='ltr'>Agesilai</span> <span class='ocrx_word' id='word_1_18' title='bbox 1293 640 1362 680; x_wconf 91' lang='lat' dir='ltr'><strong>cum</strong></span> <span class='ocrx_word' id='word_1_19' title='bbox 1386 621 1545 698; x_wconf 89' lang='lat' dir='ltr'>Lysandro</span> 
     </span>
     <span class='ocr_line' id='line_1_4' title="bbox 245 724 1546 809; baseline -0.005 -15"><span class='ocrx_word' id='word_1_20' title='bbox 245 736 428 795; x_wconf 83' lang='lat' dir='ltr'><strong>simultatem</strong></span> <span class='ocrx_word' id='word_1_21' title='bbox 458 743 488 792; x_wconf 91' lang='lat' dir='ltr'><strong>et</strong></span> <span class='ocrx_word' id='word_1_22' title='bbox 519 724 756 809; x_wconf 73' lang='lat' dir='ltr'><strong>S&#39;pithridatis&#39;a</strong></span> <span class='ocrx_word' id='word_1_23' title='bbox 781 749 854 806; x_wconf 90' lang='lat' dir='ltr'><strong>rege</strong></span> <span class='ocrx_word' id='word_1_24' title='bbox 881 732 1089 790; x_wconf 89' lang='lat' dir='ltr'><strong>defectionem</strong></span> <span class='ocrx_word' id='word_1_25' title='bbox 1116 733 1324 806; x_wconf 85' lang='lat' dir='ltr'><strong>praetermitti.</strong></span> <span class='ocrx_word' id='word_1_26' title='bbox 1386 731 1546 807; x_wconf 84' lang='lat' dir='ltr'>Lysander</span> 
     </span>
     <span class='ocr_line' id='line_1_5' title="bbox 247 841 1545 918; baseline -0.004 -15"><span class='ocrx_word' id='word_1_27' title='bbox 247 846 329 904; x_wconf 87' lang='lat' dir='ltr'><strong>enim</strong></span> <span class='ocrx_word' id='word_1_28' title='bbox 361 862 429 902; x_wconf 91' lang='lat' dir='ltr'><strong>cum</strong></span> <span class='ocrx_word' id='word_1_29' title='bbox 461 843 636 918; x_wconf 85' lang='lat' dir='ltr'><strong>Agesilaum</strong></span> <span class='ocrx_word' id='word_1_30' title='bbox 673 843 781 900; x_wconf 89' lang='lat' dir='ltr'><strong>iniuria</strong></span> <span class='ocrx_word' id='word_1_31' title='bbox 817 842 1025 908; x_wconf 91' lang='lat' dir='ltr'><strong>lacessivisset,</strong></span> <span class='ocrx_word' id='word_1_32' title='bbox 1064 843 1095 898; x_wconf 92' lang='lat' dir='ltr'><strong>in</strong></span> <span class='ocrx_word' id='word_1_33' title='bbox 1128 841 1361 916; x_wconf 88' lang='lat' dir='ltr'><strong>Hellespontum</strong></span> <span class='ocrx_word' id='word_1_34' title='bbox 1402 842 1545 898; x_wconf 92' lang='lat' dir='ltr'><strong>dimissus</strong></span> 
     </span>
     <span class='ocr_line' id='line_1_6' title="bbox 251 950 1547 1029; baseline -0.005 -16"><span class='ocrx_word' id='word_1_35' title='bbox 251 963 403 1029; x_wconf 83' lang='lat' dir='ltr'><strong>satrapam</strong></span> <span class='ocrx_word' id='word_1_36' title='bbox 435 953 518 1009; x_wconf 87' lang='lat' dir='ltr'><strong>illum</strong></span> <span class='ocrx_word' id='word_1_37' title='bbox 549 953 590 1010; x_wconf 92' lang='lat' dir='ltr'><strong>ad</strong></span> <span class='ocrx_word' id='word_1_38' title='bbox 619 951 808 1009; x_wconf 89' lang='lat' dir='ltr'><strong>Graecorum</strong></span> <span class='ocrx_word' id='word_1_39' title='bbox 831 960 933 1026; x_wconf 91' lang='lat' dir='ltr'><strong>partes</strong></span> <span class='ocrx_word' id='word_1_40' title='bbox 956 958 1095 1011; x_wconf 82' lang='lat' dir='ltr'><strong>traxerat.</strong></span> <span class='ocrx_word' id='word_1_41' title='bbox 1146 950 1285 1008; x_wconf 88' lang='lat' dir='ltr'><strong>Encomii</strong></span> <span class='ocrx_word' id='word_1_42' title='bbox 1314 967 1385 1007; x_wconf 92' lang='lat' dir='ltr'><strong>vero</strong></span> <span class='ocrx_word' id='word_1_43' title='bbox 1419 950 1547 1024; x_wconf 87' lang='lat' dir='ltr'><strong>scriptor</strong></span> 
     </span>
     <span class='ocr_line' id='line_1_7' title="bbox 249 1059 1546 1140; baseline -0.003 -18"><span class='ocrx_word' id='word_1_44' title='bbox 249 1064 349 1140; x_wconf 86' lang='lat' dir='ltr'><strong>capite</strong></span> <span class='ocrx_word' id='word_1_45' title='bbox 364 1064 456 1121; x_wconf 91' lang='lat' dir='ltr'><strong>tertio</strong></span> <span class='ocrx_word' id='word_1_46' title='bbox 470 1065 594 1120; x_wconf 91' lang='lat' dir='ltr'><strong>demum</strong></span> <span class='ocrx_word' id='word_1_47' title='bbox 609 1079 672 1119; x_wconf 89' lang='lat' dir='ltr'><strong>rem</strong></span> <span class='ocrx_word' id='word_1_48' title='bbox 694 1062 738 1119; x_wconf 92' lang='lat' dir='ltr'><strong>sic</strong></span> <span class='ocrx_word' id='word_1_49' title='bbox 759 1068 868 1130; x_wconf 81' lang='lat' dir='ltr'><strong>narrat,</strong></span> <span class='ocrx_word' id='word_1_50' title='bbox 891 1062 979 1136; x_wconf 90' lang='lat' dir='ltr'><strong>quasi</strong></span> <span class='ocrx_word' id='word_1_51' title='bbox 1001 1061 1068 1118; x_wconf 88' lang='lat' dir='ltr'><strong>sola</strong></span> <span class='ocrx_word' id='word_1_52' title='bbox 1080 1059 1215 1135; x_wconf 85' lang='lat' dir='ltr'><strong>Agesilai</strong></span> <span class='ocrx_word' id='word_1_53' title='bbox 1236 1060 1313 1117; x_wconf 90' lang='lat' dir='ltr'><strong>fides</strong></span> <span class='ocrx_word' id='word_1_54' title='bbox 1329 1059 1546 1134; x_wconf 87' lang='lat' dir='ltr'><strong>Spithridatem</strong></span> 
     </span>
     <span class='ocr_line' id='line_1_8' title="bbox 225 1165 1546 1246; baseline -0.003 -17"><span class='ocrx_word' id='word_1_55' title='bbox 225 1190 265 1230; x_wconf 90' lang='lat' dir='ltr'><strong>.a</strong></span> <span class='ocrx_word' id='word_1_56' title='bbox 294 1188 366 1246; x_wconf 90' lang='lat' dir='ltr'><strong>rege</strong></span> <span class='ocrx_word' id='word_1_57' title='bbox 396 1169 565 1228; x_wconf 87' lang='lat' dir='ltr'><strong>abduxerit.</strong></span> <span class='ocrx_word' id='word_1_58' title='bbox 614 1167 650 1226; x_wconf 94' lang='lat' dir='ltr'><strong>In</strong></span> <span class='ocrx_word' id='word_1_59' title='bbox 678 1166 804 1224; x_wconf 88' lang='lat' dir='ltr'><strong>historia</strong></span> <span class='ocrx_word' id='word_1_60' title='bbox 828 1165 949 1224; x_wconf 89' lang='lat' dir='ltr'><strong>Graeca</strong></span> <span class='ocrx_word' id='word_1_61' title='bbox 971 1175 1115 1224; x_wconf 90' lang='lat' dir='ltr'><strong>secuntur</strong></span> <span class='ocrx_word' id='word_1_62' title='bbox 1144 1168 1293 1243; x_wconf 91' lang='lat' dir='ltr'><strong>proelium</strong></span> <span class='ocrx_word' id='word_1_63' title='bbox 1315 1177 1459 1246; x_wconf 87' lang='lat' dir='ltr'><strong>equestre</strong></span> <span class='ocrx_word' id='word_1_64' title='bbox 1482 1186 1546 1246; x_wconf 92' lang='lat' dir='ltr'><strong>quo</strong></span> 
     </span>
     <span class='ocr_line' id='line_1_9' title="bbox 248 1261 1544 1353; baseline 0 -16"><span class='ocrx_word' id='word_1_65' title='bbox 248 1279 359 1338; x_wconf 92' lang='lat' dir='ltr'><strong>Graeci</strong></span> <span class='ocrx_word' id='word_1_66' title='bbox 395 1278 580 1353; x_wconf 84' lang='lat' dir='ltr'><strong>fugabantur</strong></span> <span class='ocrx_word' id='word_1_67' title='bbox 616 1285 708 1353; x_wconf 92' lang='lat' dir='ltr'><strong>atque</strong></span> <span class='ocrx_word' id='word_1_68' title='bbox 747 1272 884 1352; x_wconf 90' lang='lat' dir='ltr'><strong>auspicia</strong></span> <span class='ocrx_word' id='word_1_69' title='bbox 903 1261 1065 1352; x_wconf 81' lang='lat' dir='ltr'><strong>&#39;Agesilao</strong></span> <span class='ocrx_word' id='word_1_70' title='bbox 1100 1294 1164 1334; x_wconf 91' lang='lat' dir='ltr'><strong>nou</strong></span> <span class='ocrx_word' id='word_1_71' title='bbox 1196 1296 1233 1336; x_wconf 83' lang='lat' dir='ltr'><strong>ex</strong></span> <span class='ocrx_word' id='word_1_72' title='bbox 1267 1279 1420 1336; x_wconf 88' lang='lat' dir='ltr'><strong>sententia</strong></span> <span class='ocrx_word' id='word_1_73' title='bbox 1453 1276 1544 1338; x_wconf 88' lang='lat' dir='ltr'><strong>facta.</strong></span> 
     </span>
     <span class='ocr_line' id='line_1_10' title="bbox 244 1385 1545 1463; baseline 0 -17"><span class='ocrx_word' id='word_1_74' title='bbox 244 1389 280 1446; x_wconf 88' lang='lat' dir='ltr'><strong>Iu</strong></span> <span class='ocrx_word' id='word_1_75' title='bbox 309 1389 488 1446; x_wconf 88' lang='lat' dir='ltr'><strong>laudatione</strong></span> <span class='ocrx_word' id='word_1_76' title='bbox 516 1388 588 1445; x_wconf 92' lang='lat' dir='ltr'><strong>nihil</strong></span> <span class='ocrx_word' id='word_1_77' title='bbox 615 1387 774 1460; x_wconf 86' lang='lat' dir='ltr'><strong>eiusmodi,</strong></span> <span class='ocrx_word' id='word_1_78' title='bbox 811 1387 868 1444; x_wconf 94' lang='lat' dir='ltr'><strong>sed</strong></span> <span class='ocrx_word' id='word_1_79' title='bbox 901 1385 1061 1462; x_wconf 87' lang='lat' dir='ltr'><strong>explicatio</strong></span> <span class='ocrx_word' id='word_1_80' title='bbox 1090 1387 1163 1444; x_wconf 88' lang='lat' dir='ltr'><strong>satis</strong></span> <span class='ocrx_word' id='word_1_81' title='bbox 1192 1387 1323 1445; x_wconf 89' lang='lat' dir='ltr'><strong>verbosa</strong></span> <span class='ocrx_word' id='word_1_82' title='bbox 1344 1388 1385 1445; x_wconf 91' lang='lat' dir='ltr'><strong>de</strong></span> <span class='ocrx_word' id='word_1_83' title='bbox 1407 1389 1545 1463; x_wconf 88' lang='lat' dir='ltr'><strong>Agesilai</strong></span> 
     </span>
     <span class='ocr_line' id='line_1_11' title="bbox 245 1495 1547 1575; baseline 0 -20"><span class='ocrx_word' id='word_1_84' title='bbox 245 1499 408 1574; x_wconf 90' lang='lat' dir='ltr'><strong>prudentia</strong></span> <span class='ocrx_word' id='word_1_85' title='bbox 439 1496 567 1575; x_wconf 89' lang='lat' dir='ltr'><strong>militari,</strong></span> <span class='ocrx_word' id='word_1_86' title='bbox 605 1497 656 1572; x_wconf 91' lang='lat' dir='ltr'><strong>qui</strong></span> <span class='ocrx_word' id='word_1_87' title='bbox 682 1496 921 1571; x_wconf 89' lang='lat' dir='ltr'><strong>Tissaphernem</strong></span> <span class='ocrx_word' id='word_1_88' title='bbox 955 1495 1028 1553; x_wconf 93' lang='lat' dir='ltr'><strong>dolo</strong></span> <span class='ocrx_word' id='word_1_89' title='bbox 1066 1496 1180 1565; x_wconf 86' lang='lat' dir='ltr'><strong>vicerit,</strong></span> <span class='ocrx_word' id='word_1_90' title='bbox 1215 1496 1329 1554; x_wconf 89' lang='lat' dir='ltr'><strong>amicos</strong></span> <span class='ocrx_word' id='word_1_91' title='bbox 1365 1497 1547 1556; x_wconf 87' lang='lat' dir='ltr'><strong>liberalitate</strong></span> 
     </span>
     <span class='ocr_line' id='line_1_12' title="bbox 249 1606 1546 1680; baseline 0 -16"><span class='ocrx_word' id='word_1_92' title='bbox 249 1607 453 1680; x_wconf 84' lang='lat' dir='ltr'><strong>obstrinxerit,</strong></span> <span class='ocrx_word' id='word_1_93' title='bbox 476 1606 610 1664; x_wconf 90' lang='lat' dir='ltr'><strong>hostium</strong></span> <span class='ocrx_word' id='word_1_94' title='bbox 632 1607 878 1664; x_wconf 88' lang='lat' dir='ltr'><strong>benevolentiam</strong></span> <span class='ocrx_word' id='word_1_95' title='bbox 901 1606 1061 1663; x_wconf 89' lang='lat' dir='ltr'><strong>clementia</strong></span> <span class='ocrx_word' id='word_1_96' title='bbox 1083 1614 1177 1680; x_wconf 91' lang='lat' dir='ltr'><strong>atque</strong></span> <span class='ocrx_word' id='word_1_97' title='bbox 1204 1606 1362 1664; x_wconf 88' lang='lat' dir='ltr'><strong>beneficiis</strong></span> <span class='ocrx_word' id='word_1_98' title='bbox 1385 1607 1442 1666; x_wconf 90' lang='lat' dir='ltr'><strong>sibi</strong></span> <span class='ocrx_word' id='word_1_99' title='bbox 1463 1624 1546 1664; x_wconf 93' lang='lat' dir='ltr'><strong>com-</strong></span> 
     </span>
     <span class='ocr_line' id='line_1_13' title="bbox 250 1695 1545 1794; baseline 0 -20"><span class='ocrx_word' id='word_1_100' title='bbox 250 1718 407 1794; x_wconf 88' lang='lat' dir='ltr'><strong>paraverit.</strong></span> <span class='ocrx_word' id='word_1_101' title='bbox 442 1695 643 1792; x_wconf 35' lang='lat' dir='ltr'><strong>⁸Sequentia²</strong></span> <span class='ocrx_word' id='word_1_102' title='bbox 665 1734 763 1792; x_wconf 93' lang='lat' dir='ltr'><strong>usque</strong></span> <span class='ocrx_word' id='word_1_103' title='bbox 790 1717 831 1772; x_wconf 93' lang='lat' dir='ltr'><strong>ad</strong></span> <span class='ocrx_word' id='word_1_104' title='bbox 858 1715 928 1786; x_wconf 77' lang='lat'><strong>§32</strong></span> <span class='ocrx_word' id='word_1_105' title='bbox 956 1716 1152 1774; x_wconf 88' lang='lat' dir='ltr'><strong>consentiunt</strong></span> <span class='ocrx_word' id='word_1_106' title='bbox 1179 1734 1248 1773; x_wconf 88' lang='lat' dir='ltr'><strong>cum</strong></span> <span class='ocrx_word' id='word_1_107' title='bbox 1274 1715 1441 1774; x_wconf 88' lang='lat' dir='ltr'><strong>Hellenicis</strong></span> <span class='ocrx_word' id='word_1_108' title='bbox 1464 1709 1495 1794; x_wconf 87' lang='lat' dir='ltr'><strong>(l.</strong></span> <span class='ocrx_word' id='word_1_109' title='bbox 1519 1733 1545 1774; x_wconf 91' lang='lat' dir='ltr'><strong>c.</strong></span> 
     </span>
     <span class='ocr_line' id='line_1_14' title="bbox 253 1825 1546 1901; baseline -0.002 -16"><span class='ocrx_word' id='word_1_110' title='bbox 253 1826 396 1900; x_wconf 82' lang='lat'><strong>15—24),</strong></span> <span class='ocrx_word' id='word_1_111' title='bbox 429 1827 488 1883; x_wconf 92' lang='lat' dir='ltr'><strong>nisi</strong></span> <span class='ocrx_word' id='word_1_112' title='bbox 515 1827 600 1900; x_wconf 93' lang='lat' dir='ltr'><strong>quod</strong></span> <span class='ocrx_word' id='word_1_113' title='bbox 623 1826 815 1901; x_wconf 87' lang='lat' dir='ltr'><strong>Lysandrum</strong></span> <span class='ocrx_word' id='word_1_114' title='bbox 841 1827 966 1883; x_wconf 90' lang='lat' dir='ltr'><strong>domum</strong></span> <span class='ocrx_word' id='word_1_115' title='bbox 994 1826 1106 1883; x_wconf 90' lang='lat' dir='ltr'><strong>abiisse</strong></span> <span class='ocrx_word' id='word_1_116' title='bbox 1131 1827 1257 1900; x_wconf 89' lang='lat' dir='ltr'><strong>eiusque</strong></span> <span class='ocrx_word' id='word_1_117' title='bbox 1284 1834 1452 1884; x_wconf 86' lang='lat' dir='ltr'><strong>sectatores</strong></span> <span class='ocrx_word' id='word_1_118' title='bbox 1481 1825 1546 1883; x_wconf 88' lang='lat' dir='ltr'><strong>aliis</strong></span> 
     </span>
     <span class='ocr_line' id='line_1_15' title="bbox 247 1933 1547 2010; baseline 0 -17"><span class='ocrx_word' id='word_1_119' title='bbox 247 1936 372 2009; x_wconf 87' lang='lat' dir='ltr'><strong>triginta</strong></span> <span class='ocrx_word' id='word_1_120' title='bbox 393 1935 460 1992; x_wconf 90' lang='lat' dir='ltr'><strong>viris</strong></span> <span class='ocrx_word' id='word_1_121' title='bbox 483 1935 614 1992; x_wconf 89' lang='lat' dir='ltr'><strong>cessisse</strong></span> <span class='ocrx_word' id='word_1_122' title='bbox 630 1935 663 1992; x_wconf 90' lang='lat' dir='ltr'><strong>iu</strong></span> <span class='ocrx_word' id='word_1_123' title='bbox 684 1937 824 1993; x_wconf 90' lang='lat' dir='ltr'><strong>encomio</strong></span> <span class='ocrx_word' id='word_1_124' title='bbox 846 1953 909 1993; x_wconf 91' lang='lat' dir='ltr'><strong>non</strong></span> <span class='ocrx_word' id='word_1_125' title='bbox 931 1935 1111 1993; x_wconf 89' lang='lat' dir='ltr'><strong>invenimus.</strong></span> <span class='ocrx_word' id='word_1_126' title='bbox 1147 1933 1259 1992; x_wconf 90' lang='lat' dir='ltr'><strong>Omnia</strong></span> <span class='ocrx_word' id='word_1_127' title='bbox 1281 1935 1396 1992; x_wconf 87' lang='lat' dir='ltr'><strong>scilicet</strong></span> <span class='ocrx_word' id='word_1_128' title='bbox 1410 1952 1491 2010; x_wconf 92' lang='lat' dir='ltr'><strong>quae</strong></span> <span class='ocrx_word' id='word_1_129' title='bbox 1506 1937 1547 1993; x_wconf 89' lang='lat' dir='ltr'><strong>ad</strong></span> 
     </span>
     <span class='ocr_line' id='line_1_16' title="bbox 248 2042 1548 2122; baseline 0.002 -22"><span class='ocrx_word' id='word_1_130' title='bbox 248 2043 438 2119; x_wconf 90' lang='lat' dir='ltr'><strong>Lysandrum</strong></span> <span class='ocrx_word' id='word_1_131' title='bbox 460 2044 615 2119; x_wconf 89' lang='lat' dir='ltr'><strong>pertinent</strong></span> <span class='ocrx_word' id='word_1_132' title='bbox 635 2045 703 2102; x_wconf 94' lang='lat' dir='ltr'><strong>odit</strong></span> <span class='ocrx_word' id='word_1_133' title='bbox 725 2044 868 2102; x_wconf 91' lang='lat' dir='ltr'><strong>laudator</strong></span> <span class='ocrx_word' id='word_1_134' title='bbox 889 2054 982 2122; x_wconf 91' lang='lat' dir='ltr'><strong>atque</strong></span> <span class='ocrx_word' id='word_1_135' title='bbox 1005 2045 1125 2104; x_wconf 90' lang='lat' dir='ltr'><strong>omittit.</strong></span> <span class='ocrx_word' id='word_1_136' title='bbox 1157 2042 1268 2102; x_wconf 86' lang='lat' dir='ltr'><strong>Cetera</strong></span> <span class='ocrx_word' id='word_1_137' title='bbox 1283 2061 1362 2119; x_wconf 88' lang='lat' dir='ltr'><strong>quae</strong></span> <span class='ocrx_word' id='word_1_138' title='bbox 1383 2046 1481 2121; x_wconf 89' lang='lat' dir='ltr'><strong>primo</strong></span> <span class='ocrx_word' id='word_1_139' title='bbox 1497 2062 1548 2102; x_wconf 87' lang='lat' dir='ltr'><strong>ca·</strong></span> 
     </span>
     <span class='ocr_line' id='line_1_17' title="bbox 251 2152 1547 2232; baseline 0.005 -24"><span class='ocrx_word' id='word_1_140' title='bbox 251 2152 312 2226; x_wconf 89' lang='lat' dir='ltr'><strong>pite</strong></span> <span class='ocrx_word' id='word_1_141' title='bbox 333 2153 475 2228; x_wconf 87' lang='lat' dir='ltr'><strong>leguntur</strong></span> <span class='ocrx_word' id='word_1_142' title='bbox 496 2153 624 2228; x_wconf 89' lang='lat' dir='ltr'><strong>scriptor</strong></span> <span class='ocrx_word' id='word_1_143' title='bbox 646 2153 801 2211; x_wconf 90' lang='lat' dir='ltr'><strong>rhetorum</strong></span> <span class='ocrx_word' id='word_1_144' title='bbox 823 2155 918 2211; x_wconf 91' lang='lat' dir='ltr'><strong>modo</strong></span> <span class='ocrx_word' id='word_1_145' title='bbox 941 2155 1107 2222; x_wconf 85' lang='lat' dir='ltr'><strong>exornavit,</strong></span> <span class='ocrx_word' id='word_1_146' title='bbox 1131 2162 1260 2230; x_wconf 86' lang='lat' dir='ltr'><strong>excepta</strong></span> <span class='ocrx_word' id='word_1_147' title='bbox 1281 2154 1474 2230; x_wconf 90' lang='lat' dir='ltr'><strong>paragrapho</strong></span> <span class='ocrx_word' id='word_1_148' title='bbox 1497 2157 1547 2232; x_wconf 77' lang='lat'><strong>35,</strong></span> 
     </span>
     <span class='ocr_line' id='line_1_18' title="bbox 251 2259 1548 2342; baseline 0.003 -24"><span class='ocrx_word' id='word_1_149' title='bbox 251 2279 311 2336; x_wconf 91' lang='lat' dir='ltr'><strong>qua</strong></span> <span class='ocrx_word' id='word_1_150' title='bbox 333 2262 373 2319; x_wconf 92' lang='lat' dir='ltr'><strong>de</strong></span> <span class='ocrx_word' id='word_1_151' title='bbox 396 2261 610 2337; x_wconf 89' lang='lat' dir='ltr'><strong>Tissaphemis</strong></span> <span class='ocrx_word' id='word_1_152' title='bbox 639 2273 738 2321; x_wconf 90' lang='lat' dir='ltr'><strong>morte</strong></span> <span class='ocrx_word' id='word_1_153' title='bbox 766 2265 874 2321; x_wconf 91' lang='lat' dir='ltr'><strong>iisdem</strong></span> <span class='ocrx_word' id='word_1_154' title='bbox 898 2263 1004 2321; x_wconf 88' lang='lat' dir='ltr'><strong>verbis</strong></span> <span class='ocrx_word' id='word_1_155' title='bbox 1018 2272 1112 2338; x_wconf 90' lang='lat' dir='ltr'><strong>atque</strong></span> <span class='ocrx_word' id='word_1_156' title='bbox 1134 2264 1166 2321; x_wconf 90' lang='lat' dir='ltr'><strong>in</strong></span> <span class='ocrx_word' id='word_1_157' title='bbox 1191 2264 1317 2321; x_wconf 90' lang='lat' dir='ltr'><strong>historia</strong></span> <span class='ocrx_word' id='word_1_158' title='bbox 1341 2263 1463 2322; x_wconf 89' lang='lat' dir='ltr'><strong>Graeca</strong></span> <span class='ocrx_word' id='word_1_159' title='bbox 1483 2259 1548 2342; x_wconf 91' lang='lat' dir='ltr'>(III</span> 
     </span>
     <span class='ocr_line' id='line_1_19' title="bbox 249 2367 1547 2450; baseline 0.003 -22"><span class='ocrx_word' id='word_1_160' title='bbox 249 2372 279 2439; x_wconf 89' lang='lat'><strong>4,</strong></span> <span class='ocrx_word' id='word_1_161' title='bbox 302 2367 354 2443; x_wconf 77' lang='lat'><strong>25)</strong></span> <span class='ocrx_word' id='word_1_162' title='bbox 379 2372 523 2429; x_wconf 90' lang='lat' dir='ltr'><strong>certiores</strong></span> <span class='ocrx_word' id='word_1_163' title='bbox 546 2373 641 2431; x_wconf 89' lang='lat' dir='ltr'><strong>fimus.</strong></span> <span class='ocrx_word' id='word_1_164' title='bbox 684 2373 787 2431; x_wconf 90' lang='lat' dir='ltr'><strong>Etiam</strong></span> <span class='ocrx_word' id='word_1_165' title='bbox 808 2375 905 2448; x_wconf 91' lang='lat' dir='ltr'><strong>magis</strong></span> <span class='ocrx_word' id='word_1_166' title='bbox 926 2374 1056 2431; x_wconf 90' lang='lat' dir='ltr'><strong>encomii</strong></span> <span class='ocrx_word' id='word_1_167' title='bbox 1077 2374 1155 2431; x_wconf 90' lang='lat' dir='ltr'><strong>ratio</strong></span> <span class='ocrx_word' id='word_1_168' title='bbox 1180 2374 1224 2431; x_wconf 91' lang='lat' dir='ltr'><strong>eis</strong></span> <span class='ocrx_word' id='word_1_169' title='bbox 1252 2374 1447 2448; x_wconf 89' lang='lat' dir='ltr'><strong>cognoscitur</strong></span> <span class='ocrx_word' id='word_1_170' title='bbox 1467 2391 1547 2450; x_wconf 90' lang='lat' dir='ltr'><strong>quae</strong></span> 
     </span>
     <span class='ocr_line' id='line_1_20' title="bbox 248 2479 1547 2557; baseline 0.004 -21"><span class='ocrx_word' id='word_1_171' title='bbox 248 2479 308 2538; x_wconf 92' lang='lat' dir='ltr'><strong>hoc</strong></span> <span class='ocrx_word' id='word_1_172' title='bbox 329 2481 399 2538; x_wconf 91' lang='lat' dir='ltr'><strong>loco</strong></span> <span class='ocrx_word' id='word_1_173' title='bbox 420 2479 540 2538; x_wconf 90' lang='lat' dir='ltr'><strong>silentio</strong></span> <span class='ocrx_word' id='word_1_174' title='bbox 560 2491 792 2557; x_wconf 86' lang='lat' dir='ltr'><strong>praetereuntur</strong></span> <span class='ocrx_word' id='word_1_175' title='bbox 814 2499 906 2557; x_wconf 90' lang='lat' dir='ltr'><strong>quam</strong></span> <span class='ocrx_word' id='word_1_176' title='bbox 929 2499 1008 2556; x_wconf 90' lang='lat' dir='ltr'><strong>quae</strong></span> <span class='ocrx_word' id='word_1_177' title='bbox 1029 2483 1202 2542; x_wconf 85' lang='lat' dir='ltr'><strong>laudantur.</strong></span> <span class='ocrx_word' id='word_1_178' title='bbox 1238 2482 1391 2542; x_wconf 91' lang='lat' dir='ltr'><strong>Discimus</strong></span> <span class='ocrx_word' id='word_1_179' title='bbox 1413 2484 1493 2541; x_wconf 88' lang='lat' dir='ltr'><strong>enim</strong></span> <span class='ocrx_word' id='word_1_180' title='bbox 1507 2502 1547 2541; x_wconf 86' lang='lat' dir='ltr'><strong>ex</strong></span> 
     </span>
     <span class='ocr_line' id='line_1_21' title="bbox 248 2584 1547 2670; baseline 0.004 -25"><span class='ocrx_word' id='word_1_181' title='bbox 248 2589 375 2648; x_wconf 91' lang='lat' dir='ltr'><strong>historia</strong></span> <span class='ocrx_word' id='word_1_182' title='bbox 398 2589 519 2648; x_wconf 90' lang='lat' dir='ltr'><strong>Graeca</strong></span> <span class='ocrx_word' id='word_1_183' title='bbox 541 2586 598 2667; x_wconf 87' lang='lat' dir='ltr'><strong>(IV</strong></span> <span class='ocrx_word' id='word_1_184' title='bbox 620 2595 647 2663; x_wconf 91' lang='lat'><strong>3,</strong></span> <span class='ocrx_word' id='word_1_185' title='bbox 671 2594 708 2650; x_wconf 83' lang='lat'><strong>26</strong></span> <span class='ocrx_word' id='word_1_186' title='bbox 724 2584 812 2670; x_wconf 87' lang='lat' dir='ltr'><strong>sqq),</strong></span> <span class='ocrx_word' id='word_1_187' title='bbox 837 2592 1015 2668; x_wconf 91' lang='lat' dir='ltr'><strong>Agesilaum</strong></span> <span class='ocrx_word' id='word_1_188' title='bbox 1039 2591 1161 2667; x_wconf 91' lang='lat' dir='ltr'><strong>triginta</strong></span> <span class='ocrx_word' id='word_1_189' title='bbox 1183 2592 1305 2650; x_wconf 87' lang='lat' dir='ltr'><strong>talentis</strong></span> <span class='ocrx_word' id='word_1_190' title='bbox 1329 2611 1348 2650; x_wconf 92' lang='lat' dir='ltr'><strong>a</strong></span> <span class='ocrx_word' id='word_1_191' title='bbox 1369 2593 1547 2652; x_wconf 85' lang='lat' dir='ltr'><strong>Tithrausta</strong></span> 
     </span>
    </p>
   </div>
   <div class='ocr_carea' id='block_1_3' title="bbox 249 2699 1548 3434">
    <p class='ocr_par' dir='ltr' id='par_1_3' title="bbox 249 2699 1548 3434">
     <span class='ocr_line' id='line_1_22' title="bbox 249 2699 1545 2775; baseline 0.004 -20"><span class='ocrx_word' id='word_1_192' title='bbox 249 2699 385 2774; x_wconf 92' lang='lat' dir='ltr'><strong>acceptis</strong></span> <span class='ocrx_word' id='word_1_193' title='bbox 402 2708 587 2757; x_wconf 91' lang='lat' dir='ltr'><strong>commotum</strong></span> <span class='ocrx_word' id='word_1_194' title='bbox 602 2717 679 2770; x_wconf 89' lang='lat' dir='ltr'><strong>esse,</strong></span> <span class='ocrx_word' id='word_1_195' title='bbox 702 2709 735 2757; x_wconf 88' lang='lat' dir='ltr'><strong>ut</strong></span> <span class='ocrx_word' id='word_1_196' title='bbox 755 2702 785 2758; x_wconf 93' lang='lat' dir='ltr'><strong>in</strong></span> <span class='ocrx_word' id='word_1_197' title='bbox 797 2699 957 2775; x_wconf 89' lang='lat' dir='ltr'><strong>Phrygiam</strong></span> <span class='ocrx_word' id='word_1_198' title='bbox 973 2701 1149 2759; x_wconf 85' lang='lat' dir='ltr'><strong>decederet.</strong></span> <span class='ocrx_word' id='word_1_199' title='bbox 1179 2700 1270 2773; x_wconf 87' lang='lat' dir='ltr'><strong>Quae</strong></span> <span class='ocrx_word' id='word_1_200' title='bbox 1292 2719 1341 2760; x_wconf 93' lang='lat' dir='ltr'><strong>res</strong></span> <span class='ocrx_word' id='word_1_201' title='bbox 1364 2704 1444 2760; x_wconf 92' lang='lat' dir='ltr'><strong>duce</strong></span> <span class='ocrx_word' id='word_1_202' title='bbox 1459 2703 1545 2760; x_wconf 93' lang='lat' dir='ltr'><strong>belli·</strong></span> 
     </span>
     <span class='ocr_line' id='line_1_23' title="bbox 250 2783 1546 2886; baseline 0.005 -21"><span class='ocrx_word' id='word_1_203' title='bbox 250 2825 325 2865; x_wconf 90' lang='lat' dir='ltr'><strong>coso</strong></span> <span class='ocrx_word' id='word_1_204' title='bbox 355 2816 387 2865; x_wconf 93' lang='lat' dir='ltr'><strong>et</strong></span> <span class='ocrx_word' id='word_1_205' title='bbox 417 2807 486 2865; x_wconf 87' lang='lat' dir='ltr'><strong>forti</strong></span> <span class='ocrx_word' id='word_1_206' title='bbox 514 2826 576 2866; x_wconf 91' lang='lat' dir='ltr'><strong>uon</strong></span> <span class='ocrx_word' id='word_1_207' title='bbox 603 2810 771 2867; x_wconf 88' lang='lat' dir='ltr'><strong>admodum</strong></span> <span class='ocrx_word' id='word_1_208' title='bbox 797 2811 891 2886; x_wconf 90' lang='lat' dir='ltr'><strong>digna</strong></span> <span class='ocrx_word' id='word_1_209' title='bbox 920 2810 959 2866; x_wconf 91' lang='lat' dir='ltr'><strong>ab</strong></span> <span class='ocrx_word' id='word_1_210' title='bbox 984 2783 1115 2867; x_wconf 86' lang='lat' dir='ltr'><strong>encomii</strong></span> <span class='ocrx_word' id='word_1_211' title='bbox 1136 2818 1261 2867; x_wconf 90' lang='lat' dir='ltr'><strong>auctore</strong></span> <span class='ocrx_word' id='word_1_212' title='bbox 1284 2820 1367 2868; x_wconf 92' lang='lat' dir='ltr'><strong>recte</strong></span> <span class='ocrx_word' id='word_1_213' title='bbox 1391 2812 1546 2872; x_wconf 89' lang='lat' dir='ltr'><strong>omittitur.</strong></span> 
     </span>
     <span class='ocr_line' id='line_1_24' title="bbox 251 2913 1545 3016; baseline 0.005 -43"><span class='ocrx_word' id='word_1_214' title='bbox 251 2913 356 2988; x_wconf 83' lang='lat' dir='ltr'><strong>Quid?</strong></span> <span class='ocrx_word' id='word_1_215' title='bbox 378 2919 462 2992; x_wconf 93' lang='lat' dir='ltr'><strong>quod</strong></span> <span class='ocrx_word' id='word_1_216' title='bbox 484 2919 585 2994; x_wconf 89' lang='lat' dir='ltr'><strong>capite</strong></span> <span class='ocrx_word' id='word_1_217' title='bbox 608 2929 716 2995; x_wconf 86' lang='lat' dir='ltr'><strong>quarto</strong></span> <span class='ocrx_word' id='word_1_218' title='bbox 738 2913 768 2998; x_wconf 68' lang='grc' dir='ltr'><strong>(ξ</strong></span> <span class='ocrx_word' id='word_1_219' title='bbox 785 2916 818 2998; x_wconf 90' lang='grc'><strong>6)</strong></span> <span class='ocrx_word' id='word_1_220' title='bbox 841 2921 951 2977; x_wconf 89' lang='lat' dir='ltr'><strong>eadem</strong></span> <span class='ocrx_word' id='word_1_221' title='bbox 973 2937 1021 2977; x_wconf 92' lang='lat' dir='ltr'><strong>res</strong></span> <span class='ocrx_word' id='word_1_222' title='bbox 1048 2920 1091 2977; x_wconf 92' lang='lat' dir='ltr'><strong>ita</strong></span> <span class='ocrx_word' id='word_1_223' title='bbox 1114 2928 1261 3016; x_wconf 66' lang='lat' dir='ltr'><strong>narratur,</strong></span> <span class='ocrx_word' id='word_1_224' title='bbox 1285 2928 1441 2996; x_wconf 91' lang='lat' dir='ltr'><strong>tamquam</strong></span> <span class='ocrx_word' id='word_1_225' title='bbox 1465 2921 1545 2996; x_wconf 89' lang='lat' dir='ltr'><strong>Age-</strong></span> 
     </span>
     <span class='ocr_line' id='line_1_25' title="bbox 250 3027 1544 3108; baseline 0.005 -25"><span class='ocrx_word' id='word_1_226' title='bbox 250 3027 343 3084; x_wconf 91' lang='lat' dir='ltr'><strong>silaus</strong></span> <span class='ocrx_word' id='word_1_227' title='bbox 372 3029 533 3103; x_wconf 82' lang='lat' dir='ltr'><strong>pecuuiam</strong></span> <span class='ocrx_word' id='word_1_228' title='bbox 562 3030 687 3086; x_wconf 90' lang='lat' dir='ltr'><strong>omnino</strong></span> <span class='ocrx_word' id='word_1_229' title='bbox 716 3030 929 3103; x_wconf 89' lang='lat' dir='ltr'><strong>repudiaverit.</strong></span> <span class='ocrx_word' id='word_1_230' title='bbox 970 3029 1117 3086; x_wconf 90' lang='lat' dir='ltr'><strong>Novimus</strong></span> <span class='ocrx_word' id='word_1_231' title='bbox 1140 3047 1262 3105; x_wconf 92' lang='lat' dir='ltr'><strong>quoque</strong></span> <span class='ocrx_word' id='word_1_232' title='bbox 1289 3027 1340 3106; x_wconf 89' lang='lat' dir='ltr'><strong>(cf.</strong></span> <span class='ocrx_word' id='word_1_233' title='bbox 1362 3030 1439 3091; x_wconf 91' lang='lat' dir='ltr'><strong>Hell.</strong></span> <span class='ocrx_word' id='word_1_234' title='bbox 1462 3031 1480 3092; x_wconf 94' lang='lat' dir='ltr'><strong>l.</strong></span> <span class='ocrx_word' id='word_1_235' title='bbox 1504 3029 1544 3108; x_wconf 84' lang='lat' dir='ltr'><strong>c.)</strong></span> 
     </span>
     <span class='ocr_line' id='line_1_26' title="bbox 250 3135 1547 3216; baseline 0.003 -23"><span class='ocrx_word' id='word_1_236' title='bbox 250 3136 428 3210; x_wconf 89' lang='lat' dir='ltr'><strong>Agesilaum</strong></span> <span class='ocrx_word' id='word_1_237' title='bbox 442 3135 630 3207; x_wconf 90' lang='lat' dir='ltr'><strong>Pisandrum,</strong></span> <span class='ocrx_word' id='word_1_238' title='bbox 652 3139 753 3196; x_wconf 87' lang='lat' dir='ltr'><strong>uxoris</strong></span> <span class='ocrx_word' id='word_1_239' title='bbox 776 3138 906 3214; x_wconf 87' lang='lat' dir='ltr'><strong>fratrem,</strong></span> <span class='ocrx_word' id='word_1_240' title='bbox 929 3157 1029 3197; x_wconf 91' lang='lat' dir='ltr'><strong>rerum</strong></span> <span class='ocrx_word' id='word_1_241' title='bbox 1051 3139 1239 3198; x_wconf 88' lang='lat' dir='ltr'><strong>nauticarum</strong></span> <span class='ocrx_word' id='word_1_242' title='bbox 1264 3141 1436 3216; x_wconf 88' lang='lat' dir='ltr'><strong>imperitum</strong></span> <span class='ocrx_word' id='word_1_243' title='bbox 1457 3140 1547 3199; x_wconf 86' lang='lat' dir='ltr'><strong>classi</strong></span> 
     </span>
     <span class='ocr_line' id='line_1_27' title="bbox 250 3245 1546 3324; baseline 0.004 -21"><span class='ocrx_word' id='word_1_244' title='bbox 250 3245 445 3321; x_wconf 87' lang='lat' dir='ltr'><strong>praefecisse,</strong></span> <span class='ocrx_word' id='word_1_245' title='bbox 468 3248 553 3322; x_wconf 92' lang='lat' dir='ltr'><strong>quod</strong></span> <span class='ocrx_word' id='word_1_246' title='bbox 568 3248 668 3322; x_wconf 90' lang='lat' dir='ltr'><strong>ipsum</strong></span> <span class='ocrx_word' id='word_1_247' title='bbox 683 3265 807 3322; x_wconf 92' lang='lat' dir='ltr'><strong>quoque</strong></span> <span class='ocrx_word' id='word_1_248' title='bbox 821 3249 853 3306; x_wconf 94' lang='lat' dir='ltr'><strong>in</strong></span> <span class='ocrx_word' id='word_1_249' title='bbox 874 3250 1016 3306; x_wconf 89' lang='lat' dir='ltr'><strong>encomio</strong></span> <span class='ocrx_word' id='word_1_250' title='bbox 1039 3251 1139 3308; x_wconf 90' lang='lat' dir='ltr'><strong>deest.</strong></span> <span class='ocrx_word' id='word_1_251' title='bbox 1172 3248 1364 3324; x_wconf 90' lang='lat' dir='ltr'><strong>Colloquium</strong></span> <span class='ocrx_word' id='word_1_252' title='bbox 1383 3267 1453 3307; x_wconf 90' lang='lat' dir='ltr'><strong>vero</strong></span> <span class='ocrx_word' id='word_1_253' title='bbox 1468 3263 1546 3308; x_wconf 73' lang='lat' dir='ltr'><strong>&#39;cum</strong></span> 
     </span>
     <span class='ocr_line' id='line_1_28' title="bbox 252 3353 1548 3434; baseline 0.004 -24"><span class='ocrx_word' id='word_1_254' title='bbox 252 3353 449 3413; x_wconf 87' lang='lat' dir='ltr'><strong>Pharnabazo</strong></span> <span class='ocrx_word' id='word_1_255' title='bbox 471 3355 609 3413; x_wconf 91' lang='lat' dir='ltr'><strong>habitum</strong></span> <span class='ocrx_word' id='word_1_256' title='bbox 632 3357 732 3432; x_wconf 90' lang='lat' dir='ltr'><strong>capite</strong></span> <span class='ocrx_word' id='word_1_257' title='bbox 754 3357 844 3415; x_wconf 89' lang='lat' dir='ltr'><strong>tertio</strong></span> <span class='ocrx_word' id='word_1_258' title='bbox 866 3358 1017 3415; x_wconf 91' lang='lat' dir='ltr'><strong>invenitur</strong></span> <span class='ocrx_word' id='word_1_259' title='bbox 1039 3366 1072 3414; x_wconf 91' lang='lat' dir='ltr'><strong>ut</strong></span> <span class='ocrx_word' id='word_1_260' title='bbox 1092 3358 1297 3416; x_wconf 89' lang='lat' dir='ltr'><strong>testimonium</strong></span> <span class='ocrx_word' id='word_1_261' title='bbox 1318 3358 1390 3416; x_wconf 90' lang='lat' dir='ltr'><strong>fidei</strong></span> <span class='ocrx_word' id='word_1_262' title='bbox 1411 3359 1450 3417; x_wconf 90' lang='lat' dir='ltr'><strong>ab</strong></span> <span class='ocrx_word' id='word_1_263' title='bbox 1464 3361 1548 3434; x_wconf 92' lang='lat' dir='ltr'><strong>Age·</strong></span> 
     </span>
    </p>
   </div>
   <div class='ocr_carea' id='block_1_4' title="bbox 251 3463 1547 3982">
    <p class='ocr_par' dir='ltr' id='par_1_4' title="bbox 251 3463 1547 3982">
     <span class='ocr_line' id='line_1_29' title="bbox 253 3463 1544 3545; baseline 0.005 -25"><span class='ocrx_word' id='word_1_264' title='bbox 253 3463 326 3521; x_wconf 87' lang='lat' dir='ltr'><strong>silao</strong></span> <span class='ocrx_word' id='word_1_265' title='bbox 348 3482 468 3541; x_wconf 91' lang='lat' dir='ltr'><strong>semper</strong></span> <span class='ocrx_word' id='word_1_266' title='bbox 490 3475 637 3526; x_wconf 85' lang='lat' dir='ltr'><strong>servatae.</strong></span> <span class='ocrx_word' id='word_1_267' title='bbox 683 3467 799 3524; x_wconf 89' lang='lat' dir='ltr'><strong>Eorum</strong></span> <span class='ocrx_word' id='word_1_268' title='bbox 821 3469 956 3545; x_wconf 90' lang='lat' dir='ltr'><strong>denique</strong></span> <span class='ocrx_word' id='word_1_269' title='bbox 985 3468 1117 3543; x_wconf 91' lang='lat' dir='ltr'><strong>quaein</strong></span> <span class='ocrx_word' id='word_1_270' title='bbox 1140 3468 1270 3526; x_wconf 90' lang='lat' dir='ltr'><strong>Graecia</strong></span> <span class='ocrx_word' id='word_1_271' title='bbox 1296 3469 1331 3526; x_wconf 92' lang='lat' dir='ltr'><strong>iis</strong></span> <span class='ocrx_word' id='word_1_272' title='bbox 1358 3471 1544 3544; x_wconf 88' lang='lat' dir='ltr'><strong>temporibus</strong></span> 
     </span>
     <span class='ocr_line' id='line_1_30' title="bbox 253 3566 1546 3654; baseline 0.005 -25"><span class='ocrx_word' id='word_1_273' title='bbox 253 3574 421 3648; x_wconf 88' lang='lat' dir='ltr'><strong>agebantur</strong></span> <span class='ocrx_word' id='word_1_274' title='bbox 444 3574 515 3631; x_wconf 93' lang='lat' dir='ltr'><strong>nihil</strong></span> <span class='ocrx_word' id='word_1_275' title='bbox 536 3574 660 3632; x_wconf 88' lang='lat' dir='ltr'><strong>exhibet</strong></span> <span class='ocrx_word' id='word_1_276' title='bbox 684 3577 855 3649; x_wconf 87' lang='lat' dir='ltr'><strong>enco&#39;mion,</strong></span> <span class='ocrx_word' id='word_1_277' title='bbox 877 3577 934 3634; x_wconf 87' lang='lat' dir='ltr'><strong>uisi</strong></span> <span class='ocrx_word' id='word_1_278' title='bbox 949 3579 1034 3651; x_wconf 92' lang='lat' dir='ltr'><strong>quod</strong></span> <span class='ocrx_word' id='word_1_279' title='bbox 1056 3578 1155 3652; x_wconf 91' lang='lat' dir='ltr'><strong>capite</strong></span> <span class='ocrx_word' id='word_1_280' title='bbox 1178 3566 1316 3653; x_wconf 38' lang='lat' dir='ltr'><strong>septimo*</strong></span> <span class='ocrx_word' id='word_1_281' title='bbox 1331 3574 1359 3653; x_wconf 69' lang='grc' dir='ltr'><strong>(ἓ</strong></span> <span class='ocrx_word' id='word_1_282' title='bbox 1375 3574 1405 3654; x_wconf 82' lang='grc'><strong>5)</strong></span> <span class='ocrx_word' id='word_1_283' title='bbox 1429 3588 1546 3635; x_wconf 91' lang='lat' dir='ltr'><strong>tantum</strong></span> 
     </span>
     <span class='ocr_line' id='line_1_31' title="bbox 253 3682 1547 3763; baseline 0.005 -25"><span class='ocrx_word' id='word_1_284' title='bbox 253 3682 385 3758; x_wconf 86' lang='lat' dir='ltr'><strong>Agesilai</strong></span> <span class='ocrx_word' id='word_1_285' title='bbox 407 3701 477 3759; x_wconf 88' lang='lat' dir='ltr'><strong>erga</strong></span> <span class='ocrx_word' id='word_1_286' title='bbox 491 3683 628 3742; x_wconf 89' lang='lat' dir='ltr'><strong>Graecos</strong></span> <span class='ocrx_word' id='word_1_287' title='bbox 651 3703 786 3744; x_wconf 90' lang='lat' dir='ltr'><strong>amorem</strong></span> <span class='ocrx_word' id='word_1_288' title='bbox 807 3686 901 3743; x_wconf 86' lang='lat' dir='ltr'><strong>fuisse</strong></span> <span class='ocrx_word' id='word_1_289' title='bbox 923 3687 1060 3762; x_wconf 88' lang='lat' dir='ltr'><strong>legimus,</strong></span> <span class='ocrx_word' id='word_1_290' title='bbox 1083 3695 1117 3745; x_wconf 91' lang='lat' dir='ltr'><strong>ut</strong></span> <span class='ocrx_word' id='word_1_291' title='bbox 1141 3688 1247 3744; x_wconf 92' lang='lat' dir='ltr'><strong>nuntio</strong></span> <span class='ocrx_word' id='word_1_292' title='bbox 1271 3696 1400 3763; x_wconf 89' lang='lat' dir='ltr'><strong>accepto</strong></span> <span class='ocrx_word' id='word_1_293' title='bbox 1415 3683 1547 3745; x_wconf 78' lang='lat' dir='ltr'><strong>multos³</strong></span> 
     </span>
     <span class='ocr_line' id='line_1_32' title="bbox 251 3791 1545 3872; baseline 0.002 -21"><span class='ocrx_word' id='word_1_294' title='bbox 251 3810 360 3851; x_wconf 89' lang='lat' dir='ltr'><strong>eorum</strong></span> <span class='ocrx_word' id='word_1_295' title='bbox 381 3794 423 3850; x_wconf 91' lang='lat' dir='ltr'><strong>ad</strong></span> <span class='ocrx_word' id='word_1_296' title='bbox 444 3791 623 3852; x_wconf 90' lang='lat' dir='ltr'><strong>Corinthum</strong></span> <span class='ocrx_word' id='word_1_297' title='bbox 645 3812 663 3851; x_wconf 88' lang='lat' dir='ltr'><strong>a</strong></span> <span class='ocrx_word' id='word_1_298' title='bbox 685 3795 940 3854; x_wconf 89' lang='lat' dir='ltr'><strong>Lacedaemoniis</strong></span> <span class='ocrx_word' id='word_1_299' title='bbox 964 3796 1141 3855; x_wconf 87' lang='lat' dir='ltr'><strong>interfectos</strong></span> <span class='ocrx_word' id='word_1_300' title='bbox 1168 3813 1235 3854; x_wconf 90' lang='lat' dir='ltr'><strong>esse</strong></span> <span class='ocrx_word' id='word_1_301' title='bbox 1257 3814 1322 3854; x_wconf 89' lang='lat' dir='ltr'><strong>non</strong></span> <span class='ocrx_word' id='word_1_302' title='bbox 1348 3797 1470 3872; x_wconf 90' lang='lat' dir='ltr'><strong>gavisus</strong></span> <span class='ocrx_word' id='word_1_303' title='bbox 1499 3796 1545 3872; x_wconf 90' lang='lat' dir='ltr'><strong>sit,</strong></span> 
     </span>
     <span class='ocr_line' id='line_1_33' title="bbox 251 3901 1547 3982; baseline 0.005 -24"><span class='ocrx_word' id='word_1_304' title='bbox 251 3903 309 3959; x_wconf 89' lang='lat' dir='ltr'><strong>sed</strong></span> <span class='ocrx_word' id='word_1_305' title='bbox 339 3901 492 3960; x_wconf 90' lang='lat' dir='ltr'><strong>interitum</strong></span> <span class='ocrx_word' id='word_1_306' title='bbox 520 3904 637 3962; x_wconf 91' lang='lat' dir='ltr'><strong>illorum</strong></span> <span class='ocrx_word' id='word_1_307' title='bbox 670 3906 882 3982; x_wconf 88' lang='lat' dir='ltr'><strong>deploraverit.</strong></span> <span class='ocrx_word' id='word_1_308' title='bbox 926 3904 1070 3964; x_wconf 88' lang='lat' dir='ltr'><strong>Secundo</strong></span> <span class='ocrx_word' id='word_1_309' title='bbox 1099 3905 1229 3964; x_wconf 91' lang='lat' dir='ltr'><strong>encomii</strong></span> <span class='ocrx_word' id='word_1_310' title='bbox 1255 3905 1356 3980; x_wconf 89' lang='lat' dir='ltr'><strong>capite</strong></span> <span class='ocrx_word' id='word_1_311' title='bbox 1384 3923 1483 3981; x_wconf 90' lang='lat' dir='ltr'><strong>usque</strong></span> <span class='ocrx_word' id='word_1_312' title='bbox 1504 3907 1547 3964; x_wconf 92' lang='lat' dir='ltr'><strong>ad</strong></span> 
     </span>
    </p>
   </div>
   <div class='ocr_carea' id='block_1_5' title="bbox 252 4075 451 4086">
    <p class='ocr_par' dir='ltr' id='par_1_5' title="bbox 252 4075 451 4086">
     <span class='ocr_line' id='line_1_34' title="bbox 252 4075 451 4086; baseline 0.01 -2"><span class='ocrx_word' id='word_1_313' title='bbox 252 4075 451 4086; x_wconf 55' lang='grc' dir='ltr'><strong>ψ</strong></span> 
     </span>
    </p>
   </div>
   <div class='ocr_carea' id='block_1_6' title="bbox 255 4183 1546 4355">
    <p class='ocr_par' dir='ltr' id='par_1_6' title="bbox 255 4183 1546 4355">
     <span class='ocr_line' id='line_1_35' title="bbox 351 4183 1545 4256; baseline 0.006 -19"><span class='ocrx_word' id='word_1_314' title='bbox 351 4183 503 4241; x_wconf 86' lang='lat' dir='ltr'><strong>1cs.Hell.</strong></span> <span class='ocrx_word' id='word_1_315' title='bbox 522 4184 610 4250; x_wconf 85' lang='lat'><strong>1114,</strong></span> <span class='ocrx_word' id='word_1_316' title='bbox 632 4187 721 4255; x_wconf 74' lang='lat' dir='ltr'><strong>lsqq.</strong></span> <span class='ocrx_word' id='word_1_317' title='bbox 760 4189 876 4240; x_wconf 88' lang='lat' dir='ltr'><strong>Ceterum</strong></span> <span class='ocrx_word' id='word_1_318' title='bbox 895 4191 920 4240; x_wconf 92' lang='lat' dir='ltr'><strong>ei</strong></span> <span class='ocrx_word' id='word_1_319' title='bbox 939 4192 985 4256; x_wconf 90' lang='lat' dir='ltr'><strong>qui</strong></span> <span class='ocrx_word' id='word_1_320' title='bbox 1002 4190 1161 4255; x_wconf 86' lang='lat' dir='ltr'><strong>Agesilaum</strong></span> <span class='ocrx_word' id='word_1_321' title='bbox 1184 4207 1217 4243; x_wconf 87' lang='lat' dir='ltr'><strong>ex</strong></span> <span class='ocrx_word' id='word_1_322' title='bbox 1239 4191 1349 4243; x_wconf 87' lang='lat' dir='ltr'><strong>historia</strong></span> <span class='ocrx_word' id='word_1_323' title='bbox 1372 4193 1470 4244; x_wconf 81' lang='lat' dir='ltr'><strong>Graeca</strong></span> <span class='ocrx_word' id='word_1_324' title='bbox 1487 4194 1545 4244; x_wconf 90' lang='lat' dir='ltr'><strong>sine</strong></span> 
     </span>
     <span class='ocr_line' id='line_1_36' title="bbox 255 4279 1546 4355; baseline 0.009 -25"><span class='ocrx_word' id='word_1_325' title='bbox 255 4279 310 4332; x_wconf 86' lang='lat' dir='ltr'><strong>ulla</strong></span> <span class='ocrx_word' id='word_1_326' title='bbox 329 4283 466 4347; x_wconf 85' lang='lat' dir='ltr'><strong>diligentia</strong></span> <span class='ocrx_word' id='word_1_327' title='bbox 483 4287 677 4352; x_wconf 87' lang='lat' dir='ltr'><strong>transscriptum</strong></span> <span class='ocrx_word' id='word_1_328' title='bbox 697 4302 756 4336; x_wconf 89' lang='lat' dir='ltr'><strong>esse</strong></span> <span class='ocrx_word' id='word_1_329' title='bbox 775 4287 875 4355; x_wconf 86' lang='lat' dir='ltr'><strong>dicunt,</strong></span> <span class='ocrx_word' id='word_1_330' title='bbox 893 4289 1032 4353; x_wconf 90' lang='lat' dir='ltr'><strong>inspiciant</strong></span> <span class='ocrx_word' id='word_1_331' title='bbox 1049 4289 1099 4339; x_wconf 92' lang='lat' dir='ltr'><strong>hos</strong></span> <span class='ocrx_word' id='word_1_332' title='bbox 1113 4288 1207 4341; x_wconf 84' lang='lat' dir='ltr'><strong>locos:</strong></span> <span class='ocrx_word' id='word_1_333' title='bbox 1235 4291 1289 4354; x_wconf 86' lang='lat' dir='ltr'><strong>Ag.</strong></span> <span class='ocrx_word' id='word_1_334' title='bbox 1308 4291 1322 4340; x_wconf 93' lang='lat'>1</span> <span class='ocrx_word' id='word_1_335' title='bbox 1341 4290 1375 4344; x_wconf 88' lang='grc'><strong>13</strong></span> <span class='ocrx_word' id='word_1_336' title='bbox 1403 4292 1448 4341; x_wconf 92' lang='lat' dir='ltr'><strong>ubi</strong></span> <span class='ocrx_word' id='word_1_337' title='bbox 1476 4292 1546 4342; x_wconf 86' lang='lat' dir='ltr'><strong>bene</strong></span> 
     </span>
    </p>
   </div>
   <div class='ocr_carea' id='block_1_7' title="bbox 255 4379 1546 4545">
    <p class='ocr_par' dir='ltr' id='par_1_7' title="bbox 255 4379 1546 4545">
     <span class='ocr_line' id='line_1_37' title="bbox 255 4379 1546 4457; baseline 0.011 -31"><span class='ocrx_word' id='word_1_338' title='bbox 255 4379 408 4430; x_wconf 87' lang='lat' dir='ltr'><strong>omittuntur</strong></span> <span class='ocrx_word' id='word_1_339' title='bbox 436 4382 518 4431; x_wconf 82' lang='lat' dir='ltr'><strong>verba</strong></span> <span class='ocrx_word' id='word_1_340' title='bbox 545 4381 623 4448; x_wconf 82' lang='grc' dir='ltr'>παρὰ</span> <span class='ocrx_word' id='word_1_341' title='bbox 641 4381 774 4447; x_wconf 71' lang='lat' dir='ltr'><strong>finditur&lt;</strong></span> <span class='ocrx_word' id='word_1_342' title='bbox 792 4383 877 4450; x_wconf 79' lang='lat' dir='ltr'><strong>(Hell.</strong></span> <span class='ocrx_word' id='word_1_343' title='bbox 896 4383 981 4444; x_wconf 83' lang='lat'><strong>1114,</strong></span> <span class='ocrx_word' id='word_1_344' title='bbox 1002 4383 1057 4451; x_wconf 85' lang='grc'>11),</span> <span class='ocrx_word' id='word_1_345' title='bbox 1081 4385 1180 4451; x_wconf 89' lang='lat' dir='ltr'><strong>quippe</strong></span> <span class='ocrx_word' id='word_1_346' title='bbox 1206 4401 1275 4452; x_wconf 87' lang='lat' dir='ltr'><strong>quae</strong></span> <span class='ocrx_word' id='word_1_347' title='bbox 1298 4387 1350 4438; x_wconf 87' lang='lat' dir='ltr'><strong>iam</strong></span> <span class='ocrx_word' id='word_1_348' title='bbox 1368 4387 1440 4439; x_wconf 89' lang='lat' dir='ltr'><strong>brevi</strong></span> <span class='ocrx_word' id='word_1_349' title='bbox 1459 4389 1546 4457; x_wconf 83' lang='lat' dir='ltr'><strong>spatio</strong></span> 
     </span>
     <span class='ocr_line' id='line_1_38' title="bbox 255 4473 1043 4545; baseline 0.013 -21"><span class='ocrx_word' id='word_1_350' title='bbox 255 4481 316 4524; x_wconf 86' lang='lat' dir='ltr'><strong>ante</strong></span> <span class='ocrx_word' id='word_1_351' title='bbox 335 4473 360 4544; x_wconf 63' lang='grc' dir='ltr'><strong>(ξ</strong></span> <span class='ocrx_word' id='word_1_352' title='bbox 380 4475 425 4544; x_wconf 90' lang='grc'><strong>11)</strong></span> <span class='ocrx_word' id='word_1_353' title='bbox 442 4478 571 4545; x_wconf 82' lang='lat' dir='ltr'><strong>legantur,</strong></span> <span class='ocrx_word' id='word_1_354' title='bbox 590 4485 617 4528; x_wconf 91' lang='lat' dir='ltr'><strong>et</strong></span> <span class='ocrx_word' id='word_1_355' title='bbox 634 4479 648 4528; x_wconf 90' lang='grc' dir='ltr'>Ι</span> <span class='ocrx_word' id='word_1_356' title='bbox 668 4477 702 4532; x_wconf 84' lang='grc'><strong>23</strong></span> <span class='ocrx_word' id='word_1_357' title='bbox 721 4479 784 4531; x_wconf 90' lang='lat' dir='ltr'><strong>coll.</strong></span> <span class='ocrx_word' id='word_1_358' title='bbox 806 4479 878 4531; x_wconf 91' lang='lat' dir='ltr'><strong>Hell.</strong></span> <span class='ocrx_word' id='word_1_359' title='bbox 896 4479 981 4541; x_wconf 86' lang='lat'><strong>1114,</strong></span> <span class='ocrx_word' id='word_1_360' title='bbox 1001 4480 1043 4534; x_wconf 88' lang='grc'><strong>13.</strong></span> 
     </span>
    </p>
   </div>
   <div class='ocr_carea' id='block_1_8' title="bbox 351 4569 1134 4737">
    <p class='ocr_par' dir='ltr' id='par_1_8' title="bbox 351 4569 1134 4737">
     <span class='ocr_line' id='line_1_39' title="bbox 351 4569 806 4644; baseline 0.011 -20"><span class='ocrx_word' id='word_1_361' title='bbox 351 4569 363 4609; x_wconf 65' lang='lat'>⁹</span> <span class='ocrx_word' id='word_1_362' title='bbox 381 4575 416 4626; x_wconf 90' lang='lat' dir='ltr'><strong>de</strong></span> <span class='ocrx_word' id='word_1_363' title='bbox 433 4572 449 4644; x_wconf 68' lang='grc' dir='ltr'><strong>ξ</strong></span> <span class='ocrx_word' id='word_1_364' title='bbox 467 4572 503 4628; x_wconf 87' lang='grc'><strong>24</strong></span> <span class='ocrx_word' id='word_1_365' title='bbox 520 4577 587 4627; x_wconf 82' lang='lat' dir='ltr'><strong>inira</strong></span> <span class='ocrx_word' id='word_1_366' title='bbox 606 4577 806 4644; x_wconf 83' lang='lat' dir='ltr'><strong>disputabimus.</strong></span> 
     </span>
     <span class='ocr_line' id='line_1_40' title="bbox 351 4666 1134 4737; baseline 0.001 -13"><span class='ocrx_word' id='word_1_367' title='bbox 351 4666 504 4724; x_wconf 72' lang='lat' dir='ltr'><strong>⁸nrruierus</strong></span> <span class='ocrx_word' id='word_1_368' title='bbox 522 4673 640 4723; x_wconf 86' lang='lat' dir='ltr'><strong>hostium</strong></span> <span class='ocrx_word' id='word_1_369' title='bbox 656 4673 725 4723; x_wconf 83' lang='lat' dir='ltr'><strong>iusto</strong></span> <span class='ocrx_word' id='word_1_370' title='bbox 744 4674 828 4737; x_wconf 82' lang='lat' dir='ltr'><strong>magis</strong></span> <span class='ocrx_word' id='word_1_371' title='bbox 848 4681 937 4726; x_wconf 87' lang='lat' dir='ltr'><strong>auctus</strong></span> <span class='ocrx_word' id='word_1_372' title='bbox 956 4682 996 4725; x_wconf 86' lang='lat' dir='ltr'><strong>est</strong></span> <span class='ocrx_word' id='word_1_373' title='bbox 1015 4690 1039 4727; x_wconf 87' lang='lat' dir='ltr'><strong>v.</strong></span> <span class='ocrx_word' id='word_1_374' title='bbox 1059 4675 1134 4731; x_wconf 79' lang='lat' dir='ltr'><strong>inira.</strong></span> 
     </span>
    </p>
   </div>
   <div class='ocr_carea' id='block_1_9' title="bbox 0 0 1805 5312">
    <p class='ocr_par' dir='ltr' id='par_1_9' title="bbox 0 0 1805 5312">
     <span class='ocr_line' id='line_1_41' title="bbox 0 0 1805 5312; baseline 0 0"><span class='ocrx_word' id='word_1_375' title='bbox 0 0 1805 5312; x_wconf 95' lang='lat' dir='ltr'><strong> </strong></span> 
     </span>
    </p>
   </div>
  </div>
 </body>
</html>
