3588 5312
342 1654 528 1712 Graecorum
560 1655 613 1711 viri
644 1655 746 1729 magni
775 1663 890 1729 quanto
919 1672 1012 1731 opere
1043 1655 1106 1712 sive
1134 1657 1174 1712 de
1203 1674 1235 1713 re
1265 1658 1385 1732 publica
1408 1660 1470 1717 sive
1497 1663 1538 1718 de

241 1766 344 1822 litteris
367 1765 465 1853 meriti
489 1766 558 1832 sint,
588 1765 753 1822 memoriae
777 1765 920 1822 traditum
943 1774 1073 1822 estnon
1094 1766 1131 1823 ab
1160 1767 1214 1849 eis,
1237 1767 1288 1841 qui
1311 1768 1463 1845 Aeschylo
1483 1771 1537 1828 So·

239 1874 339 1949 phocli
362 1873 559 1931 Themistocli
584 1873 688 1931 Pericli
718 1875 863 1948 aequales
896 1875 1026 1943 suerunt,
1057 1876 1112 1932 sed
1144 1894 1163 1932 a
1184 1877 1315 1949 posteris
1344 1894 1457 1950 eorum,
1487 1880 1537 1954 qui

238 1984 379 2040 libertate
408 1983 527 2057 publica
563 1982 675 2040 amissa
703 2000 772 2040 cum
799 1983 1008 2058 philosophiae
1039 1993 1102 2041 tum
1127 1983 1242 2040 artibus
1264 1988 1482 2059 grammaticae
1504 1996 1536 2045 et

237 2092 406 2150 rhetoricae
428 2110 462 2150 se
484 2093 681 2151 dediderunt.
725 2091 787 2149 Sed
812 2110 880 2148 cum
903 2093 1091 2165 grammatici
1117 2093 1240 2168 egregia
1267 2094 1422 2170 diligentia
1443 2097 1535 2154 maio-

237 2221 302 2259 rum
319 2203 429 2278 scripta
448 2201 626 2277 colligerent
648 2211 741 2277 atque
764 2202 974 2270 emendarent,
999 2203 1127 2260 vitarum
1150 2204 1311 2278 scriptores
1334 2213 1386 2261 aut
1409 2205 1535 2262 fabellas

239 2312 406 2386 captabant
427 2313 567 2387 belleque
594 2305 677 2368 dicta
701 2313 927 2369 coacervabant
950 2321 1002 2369 aut
1016 2313 1116 2370 ieiuna
1132 2314 1290 2370 verborum
1306 2315 1534 2372 concertatione

237 2422 385 2478 maiorum
409 2438 457 2477 res
482 2428 586 2494 gestas
611 2437 773 2494 moresque
796 2419 1001 2480 celebrabant.

339 2530 433 2586 Alteri
455 2528 563 2585 horum
586 2528 767 2602 scriptorum
789 2527 866 2602 parti
891 2528 970 2585 bene
993 2529 1144 2586 consuluit
1165 2529 1286 2587 fortuna
1311 2531 1458 2606 multique
1481 2532 1534 2588 viri

237 2639 321 2695 docti
350 2656 473 2712 operam
505 2646 705 2705 navaverunt;
738 2637 833 2693 altera
856 2638 935 2694 iusto
957 2638 1054 2712 magis
1076 2637 1255 2712 neglegitur.
1301 2639 1405 2714 Magni
1429 2649 1533 2698 autern

236 2755 312 2822 puto
334 2748 481 2805 momenti
503 2765 570 2805 esse
594 2749 634 2804 ad
651 2747 840 2805 Graecorum
862 2764 963 2803 mores
986 2756 1017 2803 et
1039 2754 1179 2802 naturam
1201 2757 1285 2804 recte
1308 2748 1531 2808 aestimandam

235 2857 304 2913 illud
330 2875 450 2931 quoque
474 2858 637 2914 scrutando
668 2873 864 2933 cognoscere,
892 2873 953 2930 quo
976 2855 1070 2914 mo'do
1093 2875 1169 2931 gens
1192 2857 1243 2914 illa
1266 2859 1431 2916 clarissima
1454 2861 1532 2916 viro·

235 2983 299 3022 rum
315 2966 355 3022 de
371 2984 402 3021 re
419 2967 539 3041 publica
554 2967 634 3023 bene
650 2966 825 3023 meritorum
841 2967 1017 3023 memoriam
1039 2967 1119 3024 libris
1143 2967 1281 3026 coluerit.
1325 2967 1416 3026 Hanc
1439 2985 1532 3043 quae-

234 3075 366 3133 stionem
389 3094 406 3132 a
430 3081 590 3150 poetarum
612 3075 861 3150 philosophorum
885 3075 1073 3150 aliorumque
1097 3076 1163 3133 vitis
1187 3078 1321 3150 separari
1336 3095 1426 3151 posse
1443 3095 1530 3151 argu·

234 3187 424 3242 mentatione
447 3186 514 3258 ipsa
537 3184 675 3244 elucebit.
714 3183 978 3241 Praemonendum
997 3203 1068 3242 vero
1084 3193 1132 3242 est
1147 3204 1195 3242 me
1211 3203 1275 3242 non
1297 3195 1359 3243 tam
1381 3186 1530 3244 audacem

233 3310 311 3362 esse,
333 3303 366 3351 ut
388 3295 428 3350 de
452 3294 590 3351 omnibus
613 3294 668 3350 illis
697 3293 892 3368 scriptoribus
916 3294 1061 3351 iudicium
1089 3294 1166 3352 ferre
1194 3296 1224 3352 in
1252 3295 1353 3352 animo
1378 3295 1526 3365 habeam;

233 3404 289 3459 sed
325 3405 356 3460 in
392 3403 508 3477 aliquot
541 3403 604 3460 eius
640 3404 725 3460 modi
756 3403 835 3460 libris
868 3405 1013 3460 nonnulla
1048 3421 1126 3478 quae
1158 3405 1280 3480 propria
1312 3404 1376 3462 eius
1410 3404 1529 3478 generis

233 3512 371 3568 videntur
394 3530 463 3570 esse
485 3513 619 3596 indicare
642 3521 736 3588 atque
757 3513 866 3570 rectius
887 3531 978 3586 quam
1001 3515 1091 3588 vulgo
1115 3515 1214 3571 ierunt
1237 3516 1278 3571 de
1301 3515 1421 3572 duobus
1446 3514 1528 3572 libris

232 3621 377 3678 iudicium
399 3624 585 3697 argumentis
610 3621 727 3678 firmare
750 3624 825 3679 satis
848 3621 958 3680 habeo.

334 3728 434 3788 Causa
458 3748 511 3788 cur
533 3732 629 3806 quinti
652 3732 764 3789 saeculi
787 3731 925 3789 homines
946 3733 986 3789 de
1010 3733 1078 3790 viris
1101 3733 1219 3806 magnis
1239 3732 1313 3790 nihil
1334 3733 1526 3810 tradiderint,

232 3841 263 3898 in
286 3841 389 3914 aprico
413 3835 487 3899 est1.
530 3839 641 3897 Libera
663 3841 745 3898 enim
766 3842 810 3898 rei
831 3841 973 3915 publicae
995 3843 1092 3900 forma
1113 3845 1156 3900 ita
1185 3843 1311 3912 serebat,
1339 3851 1373 3900 ut
1396 3843 1449 3899 viri
1478 3843 1527 3899 vel

229 3949 467 4027 rempublicam
489 3950 736 4009 administrantes
758 3952 806 4010 vel
827 3951 899 4010 belli
921 3943 1017 4010 duces
1036 3953 1124 4010 simul
1147 3963 1239 4028 atque
1260 3961 1381 4027 praeter
1404 3961 1525 4012 ceteros

328 4231 390 4288 ¹cf.
417 4253 448 4286 ea
475 4253 544 4302 quae
569 4237 603 4288 de
628 4239 823 4290 laudationibus
850 4241 1003 4290 funebribus
1031 4240 1098 4290 dixit
1123 4238 1228 4289 Martha
1257 4238 1340 4306 (etud.
1372 4255 1393 4292 s.
1422 4239 1523 4306 l’antiq.

229 4331 304 4380 Paris
319 4331 398 4398 1883)
418 4350 443 4399 p.
458 4332 476 4385 4
493 4330 530 4383 ‘la
550 4335 747 4400 democratique
770 4335 899 4401 Athenas,
925 4336 953 4385 la
971 4336 1126 4401 republique
1142 4335 1248 4400 jalouse
1267 4337 1313 4400 qui
1332 4336 1400 4386 avait
1417 4325 1524 4387 invente

228 4425 408 4487 l'ostracisme,
429 4445 458 4479 se
476 4430 556 4491 garde
576 4431 640 4480 bien
659 4432 692 4480 de
707 4431 824 4494 glorifier
839 4447 881 4481 ses
895 4433 991 4494 grands
1006 4432 1121 4498 citoyens
1136 4432 1170 4482 de
1183 4448 1249 4498 peur
1261 4431 1389 4482 d’exalter
1401 4433 1525 4496 l’orgueil

229 4521 274 4572 des
293 4523 406 4574 iamilles
432 4534 459 4575 et
481 4525 515 4576 de
542 4527 653 4577 susciter
676 4543 712 4576 un
736 4542 858 4578 nouveau
882 4527 1028 4587 Pisistrate;
1052 4528 1270 4595 l’aristocratique
1289 4531 1386 4588 Rome,
1411 4544 1443 4578 au
1462 4545 1523 4579 con-

227 4619 314 4685 traire,
347 4635 374 4670 se
400 4622 447 4672 fait
470 4639 506 4673 nn
526 4624 616 4673 devoir
641 4624 742 4674 d’offrir
761 4628 776 4675 a
796 4625 972 4676 l’admiration
994 4626 1030 4676 du
1048 4627 1145 4692 peuple
1164 4628 1203 4678 les
1222 4627 1340 4676 hommes
1363 4625 1522 4689 distingues'

226 4734 248 4768 e.
269 4732 294 4782 q.
315 4733 334 4768 s.
