<?xml version="1.0" encoding="UTF-8"?>
<!DOCTYPE html PUBLIC "-//W3C//DTD XHTML 1.0 Transitional//EN"
    "http://www.w3.org/TR/xhtml1/DTD/xhtml1-transitional.dtd">
<html xmlns="http://www.w3.org/1999/xhtml" xml:lang="en" lang="en">
 <head>
  <title>
</title>
<meta http-equiv="Content-Type" content="text/html;charset=utf-8" />
  <meta name='ocr-system' content='tesseract 3.04.00' />
  <meta name='ocr-capabilities' content='ocr_page ocr_carea ocr_par ocr_line ocrx_word'/>
</head>
<body>
  <div class='ocr_page' id='page_1' title='image "./quaestionesbiog00lippgoog_0041.png"; bbox 0 0 3588 5312; ppageno 0'>
   <div class='ocr_carea' id='block_1_1' title="bbox 850 379 1030 441">
    <p class='ocr_par' dir='ltr' id='par_1_1' title="bbox 850 379 1030 441">
     <span class='ocr_line' id='line_1_1' title="bbox 850 379 1030 441; baseline 0.017 -17"><span class='ocrx_word' id='word_1_1' title='bbox 850 379 1030 441; x_wconf 74' lang='grc'>...36-</span> 
     </span>
    </p>
   </div>
   <div class='ocr_carea' id='block_1_2' title="bbox 211 560 1591 1642">
    <p class='ocr_par' dir='ltr' id='par_1_2' title="bbox 211 560 1591 1301">
     <span class='ocr_line' id='line_1_2' title="bbox 292 560 1589 642; baseline -0.003 -16"><span class='ocrx_word' id='word_1_2' title='bbox 292 560 449 642; x_wconf 77' lang='grc' dir='ltr'>τροῦντα(</span> <span class='ocrx_word' id='word_1_3' title='bbox 472 562 504 624; x_wconf 92' lang='lat' dir='ltr'>in</span> <span class='ocrx_word' id='word_1_4' title='bbox 526 562 650 641; x_wconf 90' lang='lat' dir='ltr'>Ephoro</span> <span class='ocrx_word' id='word_1_5' title='bbox 672 564 803 623; x_wconf 86' lang='lat' dir='ltr'><strong>maxime</strong></span> <span class='ocrx_word' id='word_1_6' title='bbox 824 565 942 625; x_wconf 90' lang='lat' dir='ltr'>laudat.</span> <span class='ocrx_word' id='word_1_7' title='bbox 986 565 1089 625; x_wconf 89' lang='lat' dir='ltr'>Etiam</span> <span class='ocrx_word' id='word_1_8' title='bbox 1110 564 1208 640; x_wconf 89' lang='lat' dir='ltr'>magis</span> <span class='ocrx_word' id='word_1_9' title='bbox 1231 565 1310 624; x_wconf 90' lang='lat' dir='ltr'>vitae</span> <span class='ocrx_word' id='word_1_10' title='bbox 1335 584 1372 624; x_wconf 91' lang='lat' dir='ltr'>ac</span> <span class='ocrx_word' id='word_1_11' title='bbox 1394 567 1512 624; x_wconf 87' lang='lat' dir='ltr'>morum</span> <span class='ocrx_word' id='word_1_12' title='bbox 1535 563 1589 623; x_wconf 89' lang='lat' dir='ltr'>de·</span> 
     </span>
     <span class='ocr_line' id='line_1_3' title="bbox 294 675 1590 752; baseline -0.001 -19"><span class='ocrx_word' id='word_1_13' title='bbox 294 675 450 751; x_wconf 87' lang='lat' dir='ltr'><strong>scriptioni</strong></span> <span class='ocrx_word' id='word_1_14' title='bbox 472 694 598 752; x_wconf 86' lang='lat' dir='ltr'>operam</span> <span class='ocrx_word' id='word_1_15' title='bbox 621 675 709 734; x_wconf 85' lang='lat' dir='ltr'>dedit</span> <span class='ocrx_word' id='word_1_16' title='bbox 732 675 962 751; x_wconf 87' lang='lat' dir='ltr'><strong>Theopompus.</strong></span> <span class='ocrx_word' id='word_1_17' title='bbox 1006 675 1175 734; x_wconf 90' lang='lat' dir='ltr'>Rhetorum</span> <span class='ocrx_word' id='word_1_18' title='bbox 1207 676 1278 733; x_wconf 89' lang='lat' dir='ltr'>artis</span> <span class='ocrx_word' id='word_1_19' title='bbox 1308 682 1371 733; x_wconf 90' lang='lat' dir='ltr'>tam</span> <span class='ocrx_word' id='word_1_20' title='bbox 1399 677 1525 751; x_wconf 66' lang='lat' dir='ltr'>peritus</span> <span class='ocrx_word' id='word_1_21' title='bbox 1557 683 1590 734; x_wconf 91' lang='lat' dir='ltr'>ut</span> 
     </span>
     <span class='ocr_line' id='line_1_4' title="bbox 292 779 1591 861; baseline 0.001 -19"><span class='ocrx_word' id='word_1_22' title='bbox 292 785 423 844; x_wconf 86' lang='lat' dir='ltr'>Mausoli</span> <span class='ocrx_word' id='word_1_23' title='bbox 445 779 611 844; x_wconf 88' lang='lat' dir='ltr'>encomio1</span> <span class='ocrx_word' id='word_1_24' title='bbox 633 785 801 861; x_wconf 91' lang='lat' dir='ltr'>praemium</span> <span class='ocrx_word' id='word_1_25' title='bbox 824 786 862 842; x_wconf 90' lang='lat' dir='ltr'>ab</span> <span class='ocrx_word' id='word_1_26' title='bbox 895 784 1058 842; x_wconf 89' lang='lat' dir='ltr'>Artemisia</span> <span class='ocrx_word' id='word_1_27' title='bbox 1080 786 1271 860; x_wconf 90' lang='lat' dir='ltr'>propositum</span> <span class='ocrx_word' id='word_1_28' title='bbox 1293 785 1457 860; x_wconf 89' lang='lat' dir='ltr'>acciperet,</span> <span class='ocrx_word' id='word_1_29' title='bbox 1492 786 1591 860; x_wconf 91' lang='lat' dir='ltr'>splen·</span> 
     </span>
     <span class='ocr_line' id='line_1_5' title="bbox 293 894 1590 970; baseline -0.002 -17"><span class='ocrx_word' id='word_1_30' title='bbox 293 895 466 954; x_wconf 92' lang='lat' dir='ltr'>didissimas</span> <span class='ocrx_word' id='word_1_31' title='bbox 487 894 527 953; x_wconf 93' lang='lat' dir='ltr'>de</span> <span class='ocrx_word' id='word_1_32' title='bbox 549 894 678 970; x_wconf 92' lang='lat' dir='ltr'>Philippi</span> <span class='ocrx_word' id='word_1_33' title='bbox 700 895 827 970; x_wconf 90' lang='lat' dir='ltr'>eiusque</span> <span class='ocrx_word' id='word_1_34' title='bbox 854 896 1020 954; x_wconf 91' lang='lat' dir='ltr'>amicorum</span> <span class='ocrx_word' id='word_1_35' title='bbox 1051 896 1183 953; x_wconf 88' lang='lat' dir='ltr'>moribus</span> <span class='ocrx_word' id='word_1_36' title='bbox 1212 897 1402 953; x_wconf 74' lang='lat' dir='ltr'>narrationes</span> <span class='ocrx_word' id='word_1_37' title='bbox 1424 895 1590 954; x_wconf 82' lang='lat' dir='ltr'>memoriae</span> 
     </span>
     <span class='ocr_line' id='line_1_6' title="bbox 292 991 1590 1083; baseline 0 -21"><span class='ocrx_word' id='word_1_38' title='bbox 292 1005 420 1062; x_wconf 85' lang='lat' dir='ltr'>tradidit</span> <span class='ocrx_word' id='word_1_39' title='bbox 442 999 484 1083; x_wconf 92' lang='lat' dir='ltr'>(v.</span> <span class='ocrx_word' id='word_1_40' title='bbox 507 991 613 1080; x_wconf 92' lang='lat' dir='ltr'>Polyb.</span> <span class='ocrx_word' id='word_1_41' title='bbox 636 1004 707 1062; x_wconf 89' lang='lat' dir='ltr'>VIII</span> <span class='ocrx_word' id='word_1_42' title='bbox 731 1001 784 1076; x_wconf 81' lang='lat'>11)</span> <span class='ocrx_word' id='word_1_43' title='bbox 814 1013 845 1062; x_wconf 92' lang='lat' dir='ltr'>et</span> <span class='ocrx_word' id='word_1_44' title='bbox 871 1004 1064 1080; x_wconf 85' lang='lat' dir='ltr'>Lysandrum</span> <span class='ocrx_word' id='word_1_45' title='bbox 1087 1023 1105 1062; x_wconf 90' lang='lat' dir='ltr'>a</span> <span class='ocrx_word' id='word_1_46' title='bbox 1127 1005 1227 1063; x_wconf 91' lang='lat' dir='ltr'>multis</span> <span class='ocrx_word' id='word_1_47' title='bbox 1249 1005 1426 1063; x_wconf 91' lang='lat' dir='ltr'>infamatum</span> <span class='ocrx_word' id='word_1_48' title='bbox 1448 1005 1590 1062; x_wconf 85' lang='lat' dir='ltr'>laudibus</span> 
     </span>
     <span class='ocr_line' id='line_1_7' title="bbox 292 1109 1590 1190; baseline -0.001 -19"><span class='ocrx_word' id='word_1_49' title='bbox 292 1114 398 1172; x_wconf 85' lang='lat' dir='ltr'>extulit</span> <span class='ocrx_word' id='word_1_50' title='bbox 409 1109 432 1174; x_wconf 73' lang='lat'>2.</span> <span class='ocrx_word' id='word_1_51' title='bbox 477 1113 555 1173; x_wconf 92' lang='lat' dir='ltr'>Cum</span> <span class='ocrx_word' id='word_1_52' title='bbox 582 1131 655 1171; x_wconf 90' lang='lat' dir='ltr'>vero</span> <span class='ocrx_word' id='word_1_53' title='bbox 684 1115 860 1173; x_wconf 84' lang='lat' dir='ltr'>Alexander</span> <span class='ocrx_word' id='word_1_54' title='bbox 890 1113 1049 1172; x_wconf 80' lang='lat' dir='ltr'>Persarum</span> <span class='ocrx_word' id='word_1_55' title='bbox 1079 1133 1206 1190; x_wconf 89' lang='lat' dir='ltr'>regnum</span> <span class='ocrx_word' id='word_1_56' title='bbox 1237 1115 1292 1173; x_wconf 92' lang='lat' dir='ltr'>sub</span> <span class='ocrx_word' id='word_1_57' title='bbox 1320 1114 1526 1172; x_wconf 85' lang='lat' dir='ltr'>Macedonum</span> <span class='ocrx_word' id='word_1_58' title='bbox 1557 1121 1590 1170; x_wconf 92' lang='lat' dir='ltr'>et</span> 
     </span>
     <span class='ocr_line' id='line_1_8' title="bbox 211 1223 1589 1301; baseline -0.001 -19"><span class='ocrx_word' id='word_1_59' title='bbox 211 1241 214 1248; x_wconf 84' lang='grc'><strong>’</strong></span> <span class='ocrx_word' id='word_1_60' title='bbox 293 1223 482 1282; x_wconf 91' lang='lat' dir='ltr'>Graecorum</span> <span class='ocrx_word' id='word_1_61' title='bbox 503 1223 663 1300; x_wconf 90' lang='lat' dir='ltr'>imperium</span> <span class='ocrx_word' id='word_1_62' title='bbox 685 1225 865 1301; x_wconf 86' lang='lat' dir='ltr'>redegisset,</span> <span class='ocrx_word' id='word_1_63' title='bbox 897 1232 964 1282; x_wconf 89' lang='lat' dir='ltr'>tota</span> <span class='ocrx_word' id='word_1_64' title='bbox 987 1224 1050 1282; x_wconf 83' lang='lat' dir='ltr'>fere</span> <span class='ocrx_word' id='word_1_65' title='bbox 1073 1225 1196 1282; x_wconf 87' lang='lat' dir='ltr'>historia</span> <span class='ocrx_word' id='word_1_66' title='bbox 1218 1225 1248 1281; x_wconf 92' lang='lat' dir='ltr'>in</span> <span class='ocrx_word' id='word_1_67' title='bbox 1271 1224 1361 1281; x_wconf 91' lang='lat' dir='ltr'>unius</span> <span class='ocrx_word' id='word_1_68' title='bbox 1388 1223 1441 1280; x_wconf 89' lang='lat' dir='ltr'>viri</span> <span class='ocrx_word' id='word_1_69' title='bbox 1466 1235 1514 1281; x_wconf 85' lang='lat' dir='ltr'>res</span> <span class='ocrx_word' id='word_1_70' title='bbox 1536 1241 1589 1300; x_wconf 91' lang='lat' dir='ltr'>ge·</span> 
     </span>
    </p>

    <p class='ocr_par' dir='ltr' id='par_1_3' title="bbox 240 1333 1590 1642">
     <span class='ocr_line' id='line_1_9' title="bbox 240 1333 1588 1419; baseline -0.001 -27"><span class='ocrx_word' id='word_1_71' title='bbox 240 1357 243 1362; x_wconf 95' lang='lat'>·</span> <span class='ocrx_word' id='word_1_72' title='bbox 292 1341 355 1392; x_wconf 88' lang='lat' dir='ltr'>stas</span> <span class='ocrx_word' id='word_1_73' title='bbox 378 1342 409 1391; x_wconf 92' lang='lat' dir='ltr'>et</span> <span class='ocrx_word' id='word_1_74' title='bbox 429 1333 555 1391; x_wconf 85' lang='lat' dir='ltr'>virtutes</span> <span class='ocrx_word' id='word_1_75' title='bbox 579 1333 780 1392; x_wconf 88' lang='lat' dir='ltr'>celebrandas</span> <span class='ocrx_word' id='word_1_76' title='bbox 802 1335 947 1404; x_wconf 85' lang='lat' dir='ltr'>incubuit.</span> <span class='ocrx_word' id='word_1_77' title='bbox 980 1333 1089 1410; x_wconf 81' lang='lat' dir='ltr'>Neque</span> <span class='ocrx_word' id='word_1_78' title='bbox 1104 1335 1164 1392; x_wconf 89' lang='lat' dir='ltr'>iam</span> <span class='ocrx_word' id='word_1_79' title='bbox 1182 1335 1323 1411; x_wconf 86' lang='lat' dir='ltr'>cuiquam</span> <span class='ocrx_word' id='word_1_80' title='bbox 1346 1333 1588 1419; x_wconf 81' lang='lat' dir='ltr'>indignationem</span> 
     </span>
     <span class='ocr_line' id='line_1_10' title="bbox 291 1437 1589 1520; baseline 0 -18"><span class='ocrx_word' id='word_1_81' title='bbox 291 1445 394 1512; x_wconf 92' lang='lat' dir='ltr'>movit,</span> <span class='ocrx_word' id='word_1_82' title='bbox 425 1461 494 1502; x_wconf 91' lang='lat' dir='ltr'>curn</span> <span class='ocrx_word' id='word_1_83' title='bbox 518 1437 692 1520; x_wconf 84' lang='lat' dir='ltr'>Hyperides</span> <span class='ocrx_word' id='word_1_84' title='bbox 718 1444 749 1501; x_wconf 91' lang='lat' dir='ltr'>in</span> <span class='ocrx_word' id='word_1_85' title='bbox 782 1443 936 1519; x_wconf 87' lang='lat' dir='ltr'>epitaphio</span> <span class='ocrx_word' id='word_1_86' title='bbox 965 1463 1027 1502; x_wconf 88' lang='lat' dir='ltr'>non</span> <span class='ocrx_word' id='word_1_87' title='bbox 1056 1446 1159 1502; x_wconf 88' lang='lat' dir='ltr'>miuus</span> <span class='ocrx_word' id='word_1_88' title='bbox 1179 1444 1364 1502; x_wconf 89' lang='lat' dir='ltr'>Leosthenis</span> <span class='ocrx_word' id='word_1_89' title='bbox 1387 1440 1589 1519; x_wconf 79' lang='lat' dir='ltr'>ducis&#39;quam</span> 
     </span>
     <span class='ocr_line' id='line_1_11' title="bbox 292 1526 1590 1642; baseline -0.001 -31"><span class='ocrx_word' id='word_1_90' title='bbox 292 1553 420 1612; x_wconf 90' lang='lat' dir='ltr'>militum</span> <span class='ocrx_word' id='word_1_91' title='bbox 441 1553 583 1611; x_wconf 86' lang='lat' dir='ltr'>virtutem</span> <span class='ocrx_word' id='word_1_92' title='bbox 606 1553 756 1611; x_wconf 90' lang='lat' dir='ltr'>laudaret.</span> <span class='ocrx_word' id='word_1_93' title='bbox 802 1549 872 1622; x_wconf 88' lang='lat' dir='ltr'>Quo</span> <span class='ocrx_word' id='word_1_94' title='bbox 895 1554 989 1610; x_wconf 91' lang='lat' dir='ltr'>modo</span> <span class='ocrx_word' id='word_1_95' title='bbox 1012 1553 1057 1609; x_wconf 92' lang='lat' dir='ltr'>vel</span> <span class='ocrx_word' id='word_1_96' title='bbox 1075 1552 1252 1610; x_wconf 87' lang='lat' dir='ltr'>Alexander</span> <span class='ocrx_word' id='word_1_97' title='bbox 1274 1572 1291 1610; x_wconf 89' lang='lat' dir='ltr'>a</span> <span class='ocrx_word' id='word_1_98' title='bbox 1314 1535 1511 1642; x_wconf 69' lang='lat' dir='ltr'>scriptoribus</span> <span class='ocrx_word' id='word_1_99' title='bbox 1535 1526 1590 1610; x_wconf 77' lang='lat' dir='ltr'>de-</span> 
     </span>
    </p>
   </div>
   <div class='ocr_carea' id='block_1_3' title="bbox 292 1631 1591 1740">
    <p class='ocr_par' dir='ltr' id='par_1_4' title="bbox 292 1631 1591 1740">
     <span class='ocr_line' id='line_1_12' title="bbox 292 1631 1591 1740; baseline -0.002 -18"><span class='ocrx_word' id='word_1_100' title='bbox 292 1645 422 1740; x_wconf 89' lang='lat' dir='ltr'>scriptus</span> <span class='ocrx_word' id='word_1_101' title='bbox 454 1664 491 1722; x_wconf 93' lang='lat' dir='ltr'>sit</span> <span class='ocrx_word' id='word_1_102' title='bbox 525 1663 572 1721; x_wconf 94' lang='lat' dir='ltr'>vel</span> <span class='ocrx_word' id='word_1_103' title='bbox 599 1662 726 1722; x_wconf 84' lang='lat' dir='ltr'>Athenis</span> <span class='ocrx_word' id='word_1_104' title='bbox 758 1662 869 1720; x_wconf 88' lang='lat' dir='ltr'>Callias</span> <span class='ocrx_word' id='word_1_105' title='bbox 897 1663 1073 1721; x_wconf 89' lang='lat' dir='ltr'>Antandros</span> <span class='ocrx_word' id='word_1_106' title='bbox 1100 1631 1256 1719; x_wconf 48' lang='lat' dir='ltr'>Timaeus·</span> <span class='ocrx_word' id='word_1_107' title='bbox 1273 1661 1365 1720; x_wconf 91' lang='lat' dir='ltr'>Duris</span> <span class='ocrx_word' id='word_1_108' title='bbox 1396 1667 1591 1738; x_wconf 90' lang='lat' dir='ltr'>tyrannorum</span> 
     </span>
    </p>
   </div>
   <div class='ocr_carea' id='block_1_4' title="bbox 289 1772 1677 3935">
    <p class='ocr_par' dir='ltr' id='par_1_5' title="bbox 292 1772 1668 2298">
     <span class='ocr_line' id='line_1_13' title="bbox 293 1772 1668 1848; baseline -0.002 -17"><span class='ocrx_word' id='word_1_109' title='bbox 293 1773 460 1832; x_wconf 90' lang='lat' dir='ltr'>Siculorum</span> <span class='ocrx_word' id='word_1_110' title='bbox 482 1790 530 1830; x_wconf 89' lang='lat' dir='ltr'>res</span> <span class='ocrx_word' id='word_1_111' title='bbox 554 1781 659 1848; x_wconf 90' lang='lat' dir='ltr'>gestas</span> <span class='ocrx_word' id='word_1_112' title='bbox 683 1781 714 1830; x_wconf 92' lang='lat' dir='ltr'>et</span> <span class='ocrx_word' id='word_1_113' title='bbox 735 1790 835 1830; x_wconf 90' lang='lat' dir='ltr'>mores</span> <span class='ocrx_word' id='word_1_114' title='bbox 858 1772 1078 1831; x_wconf 89' lang='lat' dir='ltr'>delineaverint</span> <span class='ocrx_word' id='word_1_115' title='bbox 1101 1773 1141 1830; x_wconf 89' lang='lat' dir='ltr'>ad</span> <span class='ocrx_word' id='word_1_116' title='bbox 1160 1781 1298 1830; x_wconf 89' lang='lat' dir='ltr'>nostrum</span> <span class='ocrx_word' id='word_1_117' title='bbox 1323 1773 1515 1848; x_wconf 89' lang='lat' dir='ltr'>propositum</span> <span class='ocrx_word' id='word_1_118' title='bbox 1535 1772 1589 1829; x_wconf 92' lang='lat' dir='ltr'>mi·</span> <span class='ocrx_word' id='word_1_119' title='bbox 1662 1779 1668 1795; x_wconf 83' lang='grc'><em>”</em></span> 
     </span>
     <span class='ocr_line' id='line_1_14' title="bbox 293 1882 1589 1958; baseline 0 -18"><span class='ocrx_word' id='word_1_120' title='bbox 293 1899 351 1940; x_wconf 89' lang='lat' dir='ltr'>nus</span> <span class='ocrx_word' id='word_1_121' title='bbox 373 1883 513 1958; x_wconf 87' lang='lat' dir='ltr'>pertinet.</span> <span class='ocrx_word' id='word_1_122' title='bbox 556 1882 607 1939; x_wconf 91' lang='lat' dir='ltr'>Ad</span> <span class='ocrx_word' id='word_1_123' title='bbox 633 1882 786 1940; x_wconf 87' lang='lat' dir='ltr'>rhetorum</span> <span class='ocrx_word' id='word_1_124' title='bbox 815 1899 886 1939; x_wconf 90' lang='lat' dir='ltr'>vero</span> <span class='ocrx_word' id='word_1_125' title='bbox 916 1883 1018 1939; x_wconf 90' lang='lat' dir='ltr'>studia</span> <span class='ocrx_word' id='word_1_126' title='bbox 1042 1884 1259 1956; x_wconf 89' lang='lat' dir='ltr'>cognoscenda</span> <span class='ocrx_word' id='word_1_127' title='bbox 1285 1913 1322 1922; x_wconf 89' lang='lat'>—</span> <span class='ocrx_word' id='word_1_128' title='bbox 1346 1883 1495 1956; x_wconf 90' lang='lat' dir='ltr'>aquibus</span> <span class='ocrx_word' id='word_1_129' title='bbox 1518 1884 1589 1940; x_wconf 91' lang='lat' dir='ltr'>solis</span> 
     </span>
     <span class='ocr_line' id='line_1_15' title="bbox 292 1974 1615 2068; baseline 0 -19"><span class='ocrx_word' id='word_1_130' title='bbox 292 1993 423 2051; x_wconf 90' lang='lat' dir='ltr'>virorum</span> <span class='ocrx_word' id='word_1_131' title='bbox 451 1994 491 2050; x_wconf 91' lang='lat' dir='ltr'>de</span> <span class='ocrx_word' id='word_1_132' title='bbox 517 1994 606 2050; x_wconf 90' lang='lat' dir='ltr'>rebus</span> <span class='ocrx_word' id='word_1_133' title='bbox 633 1992 758 2068; x_wconf 89' lang='lat' dir='ltr'>publicis</span> <span class='ocrx_word' id='word_1_134' title='bbox 785 1992 891 2049; x_wconf 88' lang='lat' dir='ltr'>merita</span> <span class='ocrx_word' id='word_1_135' title='bbox 919 1993 1043 2050; x_wconf 89' lang='lat' dir='ltr'>seorsim</span> <span class='ocrx_word' id='word_1_136' title='bbox 1071 1977 1296 2051; x_wconf 39' lang='lat' dir='ltr'>tractata&#39;sunt</span> <span class='ocrx_word' id='word_1_137' title='bbox 1321 2024 1358 2032; x_wconf 94' lang='lat'>-</span> <span class='ocrx_word' id='word_1_138' title='bbox 1381 1992 1503 2050; x_wconf 88' lang='lat' dir='ltr'>maioris</span> <span class='ocrx_word' id='word_1_139' title='bbox 1524 1974 1615 2049; x_wconf 48' lang='lat' dir='ltr'>mos</span> 
     </span>
     <span class='ocr_line' id='line_1_16' title="bbox 293 2085 1590 2179; baseline -0.002 -19"><span class='ocrx_word' id='word_1_140' title='bbox 293 2103 390 2160; x_wconf 91' lang='lat' dir='ltr'>menti</span> <span class='ocrx_word' id='word_1_141' title='bbox 412 2110 460 2161; x_wconf 92' lang='lat' dir='ltr'>est</span> <span class='ocrx_word' id='word_1_142' title='bbox 480 2103 586 2179; x_wconf 87' lang='lat' dir='ltr'>paucis</span> <span class='ocrx_word' id='word_1_143' title='bbox 609 2102 777 2176; x_wconf 90' lang='lat' dir='ltr'>adtingere,</span> <span class='ocrx_word' id='word_1_144' title='bbox 800 2103 874 2176; x_wconf 92' lang='lat' dir='ltr'>quid</span> <span class='ocrx_word' id='word_1_145' title='bbox 890 2085 1087 2178; x_wconf 83' lang='lat' dir='ltr'>Peripatetici</span> <span class='ocrx_word' id='word_1_146' title='bbox 1108 2103 1140 2160; x_wconf 92' lang='lat' dir='ltr'>in</span> <span class='ocrx_word' id='word_1_147' title='bbox 1161 2120 1360 2179; x_wconf 90' lang='lat' dir='ltr'>personarum</span> <span class='ocrx_word' id='word_1_148' title='bbox 1384 2103 1590 2178; x_wconf 88' lang='lat' dir='ltr'>descriptione</span> 
     </span>
     <span class='ocr_line' id='line_1_17' title="bbox 294 2199 1118 2298; baseline -0.001 -28"><span class='ocrx_word' id='word_1_149' title='bbox 294 2199 485 2274; x_wconf 75' lang='lat' dir='ltr'>novauerint.</span> <span class='ocrx_word' id='word_1_150' title='bbox 1114 2287 1118 2298; x_wconf 79' lang='lat'>.</span> 
     </span>
    </p>

    <p class='ocr_par' dir='ltr' id='par_1_6' title="bbox 289 2316 1677 3935">
     <span class='ocr_line' id='line_1_18' title="bbox 393 2316 1588 2399; baseline -0.001 -20"><span class='ocrx_word' id='word_1_151' title='bbox 393 2321 428 2382; x_wconf 92' lang='lat' dir='ltr'>E.</span> <span class='ocrx_word' id='word_1_152' title='bbox 440 2320 587 2380; x_wconf 89' lang='lat' dir='ltr'>Petersen</span> <span class='ocrx_word' id='word_1_153' title='bbox 609 2322 639 2380; x_wconf 91' lang='lat' dir='ltr'>in</span> <span class='ocrx_word' id='word_1_154' title='bbox 661 2321 853 2399; x_wconf 77' lang='lat' dir='ltr'>praefatione</span> <span class='ocrx_word' id='word_1_155' title='bbox 876 2322 918 2380; x_wconf 93' lang='lat' dir='ltr'>ad</span> <span class='ocrx_word' id='word_1_156' title='bbox 933 2321 1140 2396; x_wconf 87' lang='lat' dir='ltr'>Theophrasti</span> <span class='ocrx_word' id='word_1_157' title='bbox 1162 2321 1353 2381; x_wconf 85' lang='lat' dir='ltr'>characteres</span> <span class='ocrx_word' id='word_1_158' title='bbox 1377 2321 1438 2398; x_wconf 87' lang='lat' dir='ltr'>(pg.</span> <span class='ocrx_word' id='word_1_159' title='bbox 1455 2322 1494 2382; x_wconf 83' lang='lat'>92</span> <span class='ocrx_word' id='word_1_160' title='bbox 1508 2316 1588 2398; x_wconf 86' lang='lat' dir='ltr'>sqq.)</span> 
     </span>
     <span class='ocr_line' id='line_1_19' title="bbox 293 2425 1589 2508; baseline -0.002 -18"><span class='ocrx_word' id='word_1_161' title='bbox 293 2429 524 2508; x_wconf 85' lang='lat' dir='ltr'>diligentissime</span> <span class='ocrx_word' id='word_1_162' title='bbox 547 2432 587 2489; x_wconf 91' lang='lat' dir='ltr'>de</span> <span class='ocrx_word' id='word_1_163' title='bbox 610 2429 882 2507; x_wconf 88' lang='lat' dir='ltr'>Peripateticorum</span> <span class='ocrx_word' id='word_1_164' title='bbox 901 2431 955 2488; x_wconf 89' lang='lat' dir='ltr'>illis</span> <span class='ocrx_word' id='word_1_165' title='bbox 978 2431 1084 2488; x_wconf 90' lang='lat' dir='ltr'>studiis</span> <span class='ocrx_word' id='word_1_166' title='bbox 1108 2432 1259 2492; x_wconf 89' lang='lat' dir='ltr'>disseruit.</span> <span class='ocrx_word' id='word_1_167' title='bbox 1304 2431 1364 2504; x_wconf 87' lang='lat' dir='ltr'>Qui</span> <span class='ocrx_word' id='word_1_168' title='bbox 1385 2449 1454 2488; x_wconf 88' lang='lat' dir='ltr'>curn</span> <span class='ocrx_word' id='word_1_169' title='bbox 1475 2425 1589 2489; x_wconf 82' lang='lat' dir='ltr'>‘exter-</span> 
     </span>
     <span class='ocr_line' id='line_1_20' title="bbox 294 2525 1590 2616; baseline -0.002 -18"><span class='ocrx_word' id='word_1_170' title='bbox 294 2558 351 2598; x_wconf 88' lang='lat' dir='ltr'>nas</span> <span class='ocrx_word' id='word_1_171' title='bbox 374 2541 573 2600; x_wconf 88' lang='lat' dir='ltr'>condiciones</span> <span class='ocrx_word' id='word_1_172' title='bbox 600 2549 630 2598; x_wconf 90' lang='lat' dir='ltr'>et</span> <span class='ocrx_word' id='word_1_173' title='bbox 654 2525 813 2598; x_wconf 83' lang='lat' dir='ltr'>historias&gt;</span> <span class='ocrx_word' id='word_1_174' title='bbox 836 2541 1010 2598; x_wconf 91' lang='lat' dir='ltr'>animalium</span> <span class='ocrx_word' id='word_1_175' title='bbox 1037 2549 1143 2598; x_wconf 89' lang='lat' dir='ltr'>essent</span> <span class='ocrx_word' id='word_1_176' title='bbox 1164 2542 1353 2616; x_wconf 89' lang='lat' dir='ltr'>perscrutati,</span> <span class='ocrx_word' id='word_1_177' title='bbox 1384 2541 1475 2598; x_wconf 90' lang='lat' dir='ltr'>etiam</span> <span class='ocrx_word' id='word_1_178' title='bbox 1498 2541 1590 2598; x_wconf 91' lang='lat' dir='ltr'>inter·</span> 
     </span>
     <span class='ocr_line' id='line_1_21' title="bbox 292 2633 1677 2726; baseline 0.002 -21"><span class='ocrx_word' id='word_1_179' title='bbox 292 2666 365 2707; x_wconf 90' lang='lat' dir='ltr'>nam</span> <span class='ocrx_word' id='word_1_180' title='bbox 390 2666 496 2707; x_wconf 92' lang='lat' dir='ltr'>eorum</span> <span class='ocrx_word' id='word_1_181' title='bbox 516 2656 655 2707; x_wconf 89' lang='lat' dir='ltr'>naturam</span> <span class='ocrx_word' id='word_1_182' title='bbox 677 2650 752 2707; x_wconf 91' lang='lat' dir='ltr'>mira</span> <span class='ocrx_word' id='word_1_183' title='bbox 774 2650 908 2724; x_wconf 91' lang='lat' dir='ltr'>quadam</span> <span class='ocrx_word' id='word_1_184' title='bbox 933 2650 1108 2707; x_wconf 90' lang='lat' dir='ltr'>curiositate</span> <span class='ocrx_word' id='word_1_185' title='bbox 1130 2645 1304 2726; x_wconf 89' lang='lat' dir='ltr'>perspicere</span> <span class='ocrx_word' id='word_1_186' title='bbox 1328 2660 1505 2726; x_wconf 90' lang='lat' dir='ltr'>coeperunt.</span> <span class='ocrx_word' id='word_1_187' title='bbox 1542 2651 1590 2708; x_wconf 91' lang='lat' dir='ltr'>Ita</span> <span class='ocrx_word' id='word_1_188' title='bbox 1639 2661 1640 2664; x_wconf 75' lang='grc'>’</span> <span class='ocrx_word' id='word_1_189' title='bbox 1674 2633 1677 2640; x_wconf 52' lang='grc'><strong><em>’</em></strong></span> 
     </span>
     <span class='ocr_line' id='line_1_22' title="bbox 291 2745 1588 2836; baseline 0.002 -20"><span class='ocrx_word' id='word_1_190' title='bbox 291 2775 405 2816; x_wconf 92' lang='lat' dir='ltr'>novum</span> <span class='ocrx_word' id='word_1_191' title='bbox 427 2759 542 2816; x_wconf 88' lang='lat' dir='ltr'>exstitit</span> <span class='ocrx_word' id='word_1_192' title='bbox 561 2776 660 2834; x_wconf 88' lang='lat' dir='ltr'>genus</span> <span class='ocrx_word' id='word_1_193' title='bbox 683 2758 811 2817; x_wconf 88' lang='lat' dir='ltr'>vitarum</span> <span class='ocrx_word' id='word_1_194' title='bbox 835 2759 1073 2818; x_wconf 90' lang='lat' dir='ltr'>scribendarum.</span> <span class='ocrx_word' id='word_1_195' title='bbox 1117 2745 1275 2816; x_wconf 89' lang='lat' dir='ltr'>Isocrates</span> <span class='ocrx_word' id='word_1_196' title='bbox 1288 2759 1360 2817; x_wconf 92' lang='lat' dir='ltr'>olim</span> <span class='ocrx_word' id='word_1_197' title='bbox 1383 2768 1413 2816; x_wconf 91' lang='lat' dir='ltr'>et</span> <span class='ocrx_word' id='word_1_198' title='bbox 1434 2760 1588 2836; x_wconf 91' lang='lat' dir='ltr'>Xenopho</span> 
     </span>
     <span class='ocr_line' id='line_1_23' title="bbox 292 2868 1588 2946; baseline 0.002 -21"><span class='ocrx_word' id='word_1_199' title='bbox 292 2886 330 2925; x_wconf 86' lang='lat' dir='ltr'>ex</span> <span class='ocrx_word' id='word_1_200' title='bbox 352 2868 473 2946; x_wconf 89' lang='lat' dir='ltr'>singulis</span> <span class='ocrx_word' id='word_1_201' title='bbox 495 2871 586 2927; x_wconf 89' lang='lat' dir='ltr'>rebus</span> <span class='ocrx_word' id='word_1_202' title='bbox 608 2869 703 2944; x_wconf 89' lang='lat' dir='ltr'>gestis</span> <span class='ocrx_word' id='word_1_203' title='bbox 726 2871 818 2927; x_wconf 90' lang='lat' dir='ltr'>animi</span> <span class='ocrx_word' id='word_1_204' title='bbox 841 2869 976 2928; x_wconf 88' lang='lat' dir='ltr'>indolem</span> <span class='ocrx_word' id='word_1_205' title='bbox 999 2878 1031 2927; x_wconf 92' lang='lat' dir='ltr'>et</span> <span class='ocrx_word' id='word_1_206' title='bbox 1056 2877 1196 2926; x_wconf 90' lang='lat' dir='ltr'>naturam</span> <span class='ocrx_word' id='word_1_207' title='bbox 1224 2871 1355 2927; x_wconf 91' lang='lat' dir='ltr'>virorum</span> <span class='ocrx_word' id='word_1_208' title='bbox 1382 2871 1588 2929; x_wconf 86' lang='lat' dir='ltr'>aestimabant</span> 
     </span>
     <span class='ocr_line' id='line_1_24' title="bbox 289 2977 1588 3055; baseline 0.002 -20"><span class='ocrx_word' id='word_1_209' title='bbox 289 2995 391 3054; x_wconf 91' lang='lat' dir='ltr'>neque</span> <span class='ocrx_word' id='word_1_210' title='bbox 413 2977 575 3036; x_wconf 88' lang='lat' dir='ltr'>minutiora</span> <span class='ocrx_word' id='word_1_211' title='bbox 597 2979 753 3040; x_wconf 88' lang='lat' dir='ltr'>curabant.</span> <span class='ocrx_word' id='word_1_212' title='bbox 798 2977 989 3055; x_wconf 89' lang='lat' dir='ltr'>Peripatetici</span> <span class='ocrx_word' id='word_1_213' title='bbox 1005 2987 1107 3036; x_wconf 89' lang='lat' dir='ltr'>antem</span> <span class='ocrx_word' id='word_1_214' title='bbox 1124 2997 1191 3036; x_wconf 91' lang='lat' dir='ltr'>cum</span> <span class='ocrx_word' id='word_1_215' title='bbox 1214 2979 1351 3037; x_wconf 91' lang='lat' dir='ltr'>homines</span> <span class='ocrx_word' id='word_1_216' title='bbox 1374 2981 1452 3038; x_wconf 88' lang='lat' dir='ltr'>tales</span> <span class='ocrx_word' id='word_1_217' title='bbox 1475 2983 1588 3039; x_wconf 87' lang='lat' dir='ltr'>descri-</span> 
     </span>
     <span class='ocr_line' id='line_1_25' title="bbox 290 3062 1584 3165; baseline -0.001 -19"><span class='ocrx_word' id='word_1_218' title='bbox 290 3090 364 3146; x_wconf 90' lang='lat' dir='ltr'>bere</span> <span class='ocrx_word' id='word_1_219' title='bbox 387 3062 556 3162; x_wconf 73' lang='lat' dir='ltr'>studereni,</span> <span class='ocrx_word' id='word_1_220' title='bbox 580 3089 686 3165; x_wconf 87' lang='lat' dir='ltr'>quales</span> <span class='ocrx_word' id='word_1_221' title='bbox 703 3090 771 3146; x_wconf 91' lang='lat' dir='ltr'>&#39;vita</span> <span class='ocrx_word' id='word_1_222' title='bbox 792 3074 953 3147; x_wconf 88' lang='lat' dir='ltr'>cotidiana</span> <span class='ocrx_word' id='word_1_223' title='bbox 971 3106 1004 3147; x_wconf 93' lang='lat' dir='ltr'>se</span> <span class='ocrx_word' id='word_1_224' title='bbox 1027 3098 1178 3163; x_wconf 85' lang='lat' dir='ltr'>gererent,</span> <span class='ocrx_word' id='word_1_225' title='bbox 1200 3097 1232 3146; x_wconf 91' lang='lat' dir='ltr'>et</span> <span class='ocrx_word' id='word_1_226' title='bbox 1254 3107 1353 3147; x_wconf 91' lang='lat' dir='ltr'>mores</span> <span class='ocrx_word' id='word_1_227' title='bbox 1369 3091 1466 3164; x_wconf 92' lang='lat' dir='ltr'>magis</span> <span class='ocrx_word' id='word_1_228' title='bbox 1482 3090 1584 3164; x_wconf 90' lang='lat' dir='ltr'>singu·</span> 
     </span>
     <span class='ocr_line' id='line_1_26' title="bbox 290 3198 1588 3276; baseline -0.001 -20"><span class='ocrx_word' id='word_1_229' title='bbox 290 3200 336 3258; x_wconf 91' lang='lat' dir='ltr'>los</span> <span class='ocrx_word' id='word_1_230' title='bbox 368 3217 461 3274; x_wconf 91' lang='lat' dir='ltr'>qnam</span> <span class='ocrx_word' id='word_1_231' title='bbox 489 3217 537 3256; x_wconf 90' lang='lat' dir='ltr'>res</span> <span class='ocrx_word' id='word_1_232' title='bbox 570 3207 672 3274; x_wconf 90' lang='lat' dir='ltr'>gestas</span> <span class='ocrx_word' id='word_1_233' title='bbox 702 3200 908 3273; x_wconf 88' lang='lat' dir='ltr'>observarent,</span> <span class='ocrx_word' id='word_1_234' title='bbox 935 3199 1060 3256; x_wconf 84' lang='lat' dir='ltr'>fabellas</span> <span class='ocrx_word' id='word_1_235' title='bbox 1094 3200 1259 3276; x_wconf 81' lang='lat' dir='ltr'>captabant</span> <span class='ocrx_word' id='word_1_236' title='bbox 1286 3207 1378 3273; x_wconf 91' lang='lat' dir='ltr'>atque</span> <span class='ocrx_word' id='word_1_237' title='bbox 1401 3198 1588 3273; x_wconf 89' lang='lat' dir='ltr'>malignitate</span> 
     </span>
     <span class='ocr_line' id='line_1_27' title="bbox 291 3308 1588 3385; baseline -0.002 -18"><span class='ocrx_word' id='word_1_238' title='bbox 291 3309 414 3385; x_wconf 89' lang='lat' dir='ltr'>saepius</span> <span class='ocrx_word' id='word_1_239' title='bbox 436 3326 527 3385; x_wconf 89' lang='lat' dir='ltr'>quam</span> <span class='ocrx_word' id='word_1_240' title='bbox 549 3308 765 3366; x_wconf 88' lang='lat' dir='ltr'>benevolentia</span> <span class='ocrx_word' id='word_1_241' title='bbox 782 3310 867 3367; x_wconf 89' lang='lat' dir='ltr'>ducti</span> <span class='ocrx_word' id='word_1_242' title='bbox 888 3309 989 3371; x_wconf 89' lang='lat' dir='ltr'>multis</span> <span class='ocrx_word' id='word_1_243' title='bbox 1005 3309 1073 3367; x_wconf 92' lang='lat' dir='ltr'>viris</span> <span class='ocrx_word' id='word_1_244' title='bbox 1097 3309 1267 3367; x_wconf 90' lang='lat' dir='ltr'>clarissimis</span> <span class='ocrx_word' id='word_1_245' title='bbox 1290 3309 1443 3366; x_wconf 90' lang='lat' dir='ltr'>labeculas</span> <span class='ocrx_word' id='word_1_246' title='bbox 1463 3310 1588 3384; x_wconf 89' lang='lat' dir='ltr'>adsper-</span> 
     </span>
     <span class='ocr_line' id='line_1_28' title="bbox 289 3417 1590 3496; baseline 0.001 -21"><span class='ocrx_word' id='word_1_247' title='bbox 289 3420 413 3494; x_wconf 88' lang='lat' dir='ltr'>gebant.</span> <span class='ocrx_word' id='word_1_248' title='bbox 457 3418 656 3478; x_wconf 84' lang='lat' dir='ltr'>Aristoxenus</span> <span class='ocrx_word' id='word_1_249' title='bbox 677 3426 705 3476; x_wconf 87' lang='lat' dir='ltr'>et</span> <span class='ocrx_word' id='word_1_250' title='bbox 728 3417 931 3493; x_wconf 90' lang='lat' dir='ltr'>Hieronymus</span> <span class='ocrx_word' id='word_1_251' title='bbox 953 3425 1114 3493; x_wconf 77' lang='lat' dir='ltr'>poetarum</span> <span class='ocrx_word' id='word_1_252' title='bbox 1135 3418 1398 3496; x_wconf 86' lang='lat' dir='ltr'>philosophorum,</span> <span class='ocrx_word' id='word_1_253' title='bbox 1420 3417 1512 3476; x_wconf 91' lang='lat' dir='ltr'>Duris</span> <span class='ocrx_word' id='word_1_254' title='bbox 1534 3419 1590 3476; x_wconf 91' lang='lat' dir='ltr'>Sa·</span> 
     </span>
     <span class='ocr_line' id='line_1_29' title="bbox 290 3525 1589 3603; baseline 0 -18"><span class='ocrx_word' id='word_1_255' title='bbox 290 3527 368 3586; x_wconf 89' lang='lat' dir='ltr'>mins</span> <span class='ocrx_word' id='word_1_256' title='bbox 392 3526 515 3586; x_wconf 91' lang='lat' dir='ltr'>Periclis</span> <span class='ocrx_word' id='word_1_257' title='bbox 538 3525 687 3584; x_wconf 89' lang='lat' dir='ltr'>Demetrii</span> <span class='ocrx_word' id='word_1_258' title='bbox 709 3527 858 3601; x_wconf 89' lang='lat' dir='ltr'>imagines</span> <span class='ocrx_word' id='word_1_259' title='bbox 886 3528 1031 3603; x_wconf 90' lang='lat' dir='ltr'>improbis</span> <span class='ocrx_word' id='word_1_260' title='bbox 1053 3537 1086 3584; x_wconf 91' lang='lat' dir='ltr'>et</span> <span class='ocrx_word' id='word_1_261' title='bbox 1107 3527 1235 3585; x_wconf 90' lang='lat' dir='ltr'>anilibus</span> <span class='ocrx_word' id='word_1_262' title='bbox 1258 3527 1374 3585; x_wconf 79' lang='lat' dir='ltr'>fabellis</span> <span class='ocrx_word' id='word_1_263' title='bbox 1399 3527 1589 3585; x_wconf 86' lang='lat' dir='ltr'>deformave-</span> 
     </span>
     <span class='ocr_line' id='line_1_30' title="bbox 290 3636 1589 3714; baseline 0.001 -19"><span class='ocrx_word' id='word_1_264' title='bbox 290 3645 369 3699; x_wconf 89' lang='lat' dir='ltr'>runt.</span> <span class='ocrx_word' id='word_1_265' title='bbox 397 3636 480 3711; x_wconf 89' lang='lat' dir='ltr'>Quid</span> <span class='ocrx_word' id='word_1_266' title='bbox 503 3636 610 3695; x_wconf 90' lang='lat' dir='ltr'>mirum</span> <span class='ocrx_word' id='word_1_267' title='bbox 630 3637 729 3712; x_wconf 89' lang='lat' dir='ltr'>igitur,</span> <span class='ocrx_word' id='word_1_268' title='bbox 752 3639 838 3714; x_wconf 91' lang='lat' dir='ltr'>quod</span> <span class='ocrx_word' id='word_1_269' title='bbox 861 3645 893 3694; x_wconf 90' lang='lat' dir='ltr'>et</span> <span class='ocrx_word' id='word_1_270' title='bbox 914 3638 1132 3712; x_wconf 91' lang='lat' dir='ltr'>imperatorum</span> <span class='ocrx_word' id='word_1_271' title='bbox 1153 3639 1326 3712; x_wconf 89' lang='lat' dir='ltr'>ducumque</span> <span class='ocrx_word' id='word_1_272' title='bbox 1342 3638 1503 3714; x_wconf 91' lang='lat' dir='ltr'>biographi</span> <span class='ocrx_word' id='word_1_273' title='bbox 1518 3637 1589 3696; x_wconf 90' lang='lat' dir='ltr'>labe</span> 
     </span>
     <span class='ocr_line' id='line_1_31' title="bbox 289 3742 1587 3808; baseline -0.004 -2"><span class='ocrx_word' id='word_1_274' title='bbox 289 3745 341 3808; x_wconf 91' lang='lat' dir='ltr'>illa</span> <span class='ocrx_word' id='word_1_275' title='bbox 355 3742 586 3806; x_wconf 80' lang='lat' dir='ltr'>inficiebantur?</span> <span class='ocrx_word' id='word_1_276' title='bbox 617 3745 744 3804; x_wconf 89' lang='lat' dir='ltr'>Etiamsi</span> <span class='ocrx_word' id='word_1_277' title='bbox 767 3746 847 3803; x_wconf 90' lang='lat' dir='ltr'>enim</span> <span class='ocrx_word' id='word_1_278' title='bbox 868 3746 908 3803; x_wconf 90' lang='lat' dir='ltr'>illi</span> <span class='ocrx_word' id='word_1_279' title='bbox 931 3748 1218 3804; x_wconf 89' lang='lat' dir='ltr'>commentariorum</span> <span class='ocrx_word' id='word_1_280' title='bbox 1238 3746 1335 3804; x_wconf 90' lang='lat' dir='ltr'>forma</span> <span class='ocrx_word' id='word_1_281' title='bbox 1357 3746 1433 3804; x_wconf 90' lang='lat' dir='ltr'>vitas</span> <span class='ocrx_word' id='word_1_282' title='bbox 1456 3747 1587 3804; x_wconf 90' lang='lat' dir='ltr'>scribere</span> 
     </span>
     <span class='ocr_line' id='line_1_32' title="bbox 290 3855 1588 3935; baseline -0.004 -19"><span class='ocrx_word' id='word_1_283' title='bbox 290 3858 435 3929; x_wconf 89' lang='lat' dir='ltr'>solerent,</span> <span class='ocrx_word' id='word_1_284' title='bbox 456 3856 486 3913; x_wconf 93' lang='lat' dir='ltr'>hi</span> <span class='ocrx_word' id='word_1_285' title='bbox 508 3857 720 3914; x_wconf 88' lang='lat' dir='ltr'>laudationum</span> <span class='ocrx_word' id='word_1_286' title='bbox 744 3856 840 3914; x_wconf 81' lang='lat' dir='ltr'>forma</span> <span class='ocrx_word' id='word_1_287' title='bbox 863 3864 1032 3935; x_wconf 76' lang='lat' dir='ltr'>uterentur,¹</span> <span class='ocrx_word' id='word_1_288' title='bbox 1059 3865 1161 3913; x_wconf 91' lang='lat' dir='ltr'>tamen</span> <span class='ocrx_word' id='word_1_289' title='bbox 1183 3855 1352 3912; x_wconf 89' lang='lat' dir='ltr'>rhetoribus</span> <span class='ocrx_word' id='word_1_290' title='bbox 1375 3873 1499 3932; x_wconf 91' lang='lat' dir='ltr'>quoque</span> <span class='ocrx_word' id='word_1_291' title='bbox 1522 3872 1588 3912; x_wconf 90' lang='lat' dir='ltr'>sae·</span> 
     </span>
    </p>
   </div>
   <div class='ocr_carea' id='block_1_5' title="bbox 289 3962 1688 4044">
    <p class='ocr_par' dir='ltr' id='par_1_7' title="bbox 289 3962 1688 4044">
     <span class='ocr_line' id='line_1_33' title="bbox 289 3962 1688 4044; baseline -0.003 -20"><span class='ocrx_word' id='word_1_292' title='bbox 289 3967 358 4044; x_wconf 90' lang='lat' dir='ltr'>pius</span> <span class='ocrx_word' id='word_1_293' title='bbox 382 3967 505 4026; x_wconf 90' lang='lat' dir='ltr'>occasio</span> <span class='ocrx_word' id='word_1_294' title='bbox 528 3966 660 4025; x_wconf 89' lang='lat' dir='ltr'>dabatur</span> <span class='ocrx_word' id='word_1_295' title='bbox 682 3965 853 4024; x_wconf 85' lang='lat' dir='ltr'>fabularum</span> <span class='ocrx_word' id='word_1_296' title='bbox 868 3967 914 4023; x_wconf 89' lang='lat' dir='ltr'>vel</span> <span class='ocrx_word' id='word_1_297' title='bbox 939 3966 1041 4024; x_wconf 88' lang='lat' dir='ltr'>facete</span> <span class='ocrx_word' id='word_1_298' title='bbox 1057 3966 1209 4022; x_wconf 87' lang='lat' dir='ltr'>dictorum</span> <span class='ocrx_word' id='word_1_299' title='bbox 1228 3969 1458 4023; x_wconf 90' lang='lat' dir='ltr'>narrandorum.</span> <span class='ocrx_word' id='word_1_300' title='bbox 1502 3962 1587 4035; x_wconf 87' lang='lat' dir='ltr'>Quo·</span> <span class='ocrx_word' id='word_1_301' title='bbox 1684 4003 1688 4008; x_wconf 88' lang='lat'><em>-</em></span> 
     </span>
    </p>
   </div>
   <div class='ocr_carea' id='block_1_6' title="bbox 290 4068 1662 4280">
    <p class='ocr_par' dir='ltr' id='par_1_8' title="bbox 290 4068 1662 4280">
     <span class='ocr_line' id='line_1_34' title="bbox 290 4068 1585 4152; baseline -0.002 -18"><span class='ocrx_word' id='word_1_302' title='bbox 290 4077 373 4135; x_wconf 88' lang='lat' dir='ltr'>niam</span> <span class='ocrx_word' id='word_1_303' title='bbox 385 4093 457 4134; x_wconf 88' lang='lat' dir='ltr'>vero</span> <span class='ocrx_word' id='word_1_304' title='bbox 477 4092 541 4133; x_wconf 92' lang='lat' dir='ltr'>non</span> <span class='ocrx_word' id='word_1_305' title='bbox 559 4076 617 4134; x_wconf 91' lang='lat' dir='ltr'>nisi</span> <span class='ocrx_word' id='word_1_306' title='bbox 629 4075 801 4134; x_wconf 91' lang='lat' dir='ltr'>Neanthem</span> <span class='ocrx_word' id='word_1_307' title='bbox 814 4074 998 4152; x_wconf 86' lang='lat' dir='ltr'>Cyzicenum</span> <span class='ocrx_word' id='word_1_308' title='bbox 1020 4074 1172 4132; x_wconf 90' lang='lat' dir='ltr'>rhetorem</span> <span class='ocrx_word' id='word_1_309' title='bbox 1189 4069 1273 4149; x_wconf 87' lang='grc' dir='ltr'>(περὶ</span> <span class='ocrx_word' id='word_1_310' title='bbox 1288 4069 1429 4137; x_wconf 79' lang='grc' dir='ltr'>ἐνδόξων</span> <span class='ocrx_word' id='word_1_311' title='bbox 1445 4068 1585 4150; x_wconf 84' lang='grc' dir='ltr'>ἀνδρῶν)</span> 
     </span>
     <span class='ocr_line' id='line_1_35' title="bbox 291 4172 1662 4280; baseline -0.001 -37"><span class='ocrx_word' id='word_1_312' title='bbox 291 4193 323 4243; x_wconf 90' lang='lat' dir='ltr'>et</span> <span class='ocrx_word' id='word_1_313' title='bbox 344 4185 484 4261; x_wconf 90' lang='lat' dir='ltr'>Satyrum</span> <span class='ocrx_word' id='word_1_314' title='bbox 505 4184 740 4261; x_wconf 90' lang='lat' dir='ltr'>peripateticum</span> <span class='ocrx_word' id='word_1_315' title='bbox 761 4181 837 4263; x_wconf 77' lang='grc' dir='ltr'>(βίοι</span> <span class='ocrx_word' id='word_1_316' title='bbox 859 4180 1000 4246; x_wconf 84' lang='grc' dir='ltr'>ἐνδόξων</span> <span class='ocrx_word' id='word_1_317' title='bbox 1028 4179 1170 4261; x_wconf 79' lang='grc' dir='ltr'>ἀνδρῶν)</span> <span class='ocrx_word' id='word_1_318' title='bbox 1199 4184 1292 4241; x_wconf 90' lang='lat' dir='ltr'>etiarn</span> <span class='ocrx_word' id='word_1_319' title='bbox 1321 4185 1361 4240; x_wconf 91' lang='lat' dir='ltr'>de</span> <span class='ocrx_word' id='word_1_320' title='bbox 1388 4183 1519 4242; x_wconf 90' lang='lat' dir='ltr'>ducibus</span> <span class='ocrx_word' id='word_1_321' title='bbox 1550 4200 1588 4241; x_wconf 93' lang='lat' dir='ltr'>ac</span> <span class='ocrx_word' id='word_1_322' title='bbox 1618 4172 1622 4187; x_wconf 84' lang='grc'><em>’</em></span> <span class='ocrx_word' id='word_1_323' title='bbox 1660 4265 1662 4280; x_wconf 46' lang='grc' dir='ltr'>Ι</span> 
     </span>
    </p>
   </div>
   <div class='ocr_carea' id='block_1_7' title="bbox 288 4448 1588 4718">
    <p class='ocr_par' dir='ltr' id='par_1_9' title="bbox 288 4448 1588 4718">
     <span class='ocr_line' id='line_1_36' title="bbox 393 4448 1588 4520; baseline -0.002 -16"><span class='ocrx_word' id='word_1_324' title='bbox 393 4448 405 4488; x_wconf 88' lang='lat'><strong>¹</strong></span> <span class='ocrx_word' id='word_1_325' title='bbox 423 4452 455 4506; x_wconf 86' lang='lat' dir='ltr'>ci.</span> <span class='ocrx_word' id='word_1_326' title='bbox 473 4452 545 4506; x_wconf 84' lang='lat' dir='ltr'>Geli.</span> <span class='ocrx_word' id='word_1_327' title='bbox 563 4453 592 4503; x_wconf 91' lang='lat' dir='ltr'>X</span> <span class='ocrx_word' id='word_1_328' title='bbox 614 4451 653 4514; x_wconf 86' lang='grc'>18,</span> <span class='ocrx_word' id='word_1_329' title='bbox 672 4451 698 4507; x_wconf 86' lang='grc'>6.</span> <span class='ocrx_word' id='word_1_330' title='bbox 727 4451 847 4520; x_wconf 88' lang='lat' dir='ltr'>Philippi</span> <span class='ocrx_word' id='word_1_331' title='bbox 866 4460 893 4504; x_wconf 87' lang='lat' dir='ltr'>et</span> <span class='ocrx_word' id='word_1_332' title='bbox 910 4449 1059 4504; x_wconf 86' lang='lat' dir='ltr'>Alexandri</span> <span class='ocrx_word' id='word_1_333' title='bbox 1079 4451 1197 4502; x_wconf 86' lang='lat' dir='ltr'>encomia</span> <span class='ocrx_word' id='word_1_334' title='bbox 1216 4469 1231 4503; x_wconf 87' lang='lat' dir='ltr'>a</span> <span class='ocrx_word' id='word_1_335' title='bbox 1249 4451 1359 4504; x_wconf 87' lang='lat' dir='ltr'>Theone</span> <span class='ocrx_word' id='word_1_336' title='bbox 1377 4451 1457 4503; x_wconf 85' lang='lat' dir='ltr'>citata</span> <span class='ocrx_word' id='word_1_337' title='bbox 1474 4453 1588 4504; x_wconf 84' lang='lat' dir='ltr'>sortasse</span> 
     </span>
     <span class='ocr_line' id='line_1_37' title="bbox 288 4547 1586 4624; baseline -0.002 -22"><span class='ocrx_word' id='word_1_338' title='bbox 288 4563 347 4618; x_wconf 84' lang='lat' dir='ltr'>pars</span> <span class='ocrx_word' id='word_1_339' title='bbox 367 4550 469 4602; x_wconf 86' lang='lat' dir='ltr'>inerunt</span> <span class='ocrx_word' id='word_1_340' title='bbox 489 4550 710 4618; x_wconf 89' lang='lat' dir='ltr'>Philippicorum,</span> <span class='ocrx_word' id='word_1_341' title='bbox 731 4566 809 4618; x_wconf 85' lang='lat' dir='ltr'>quam</span> <span class='ocrx_word' id='word_1_342' title='bbox 827 4552 879 4602; x_wconf 86' lang='lat' dir='ltr'>iam</span> <span class='ocrx_word' id='word_1_343' title='bbox 898 4552 1030 4601; x_wconf 88' lang='lat' dir='ltr'>Isocrates</span> <span class='ocrx_word' id='word_1_344' title='bbox 1049 4550 1128 4614; x_wconf 86' lang='lat' dir='ltr'>(Phil.</span> <span class='ocrx_word' id='word_1_345' title='bbox 1147 4547 1163 4619; x_wconf 66' lang='grc' dir='ltr'><strong>ξ</strong></span> <span class='ocrx_word' id='word_1_346' title='bbox 1183 4548 1229 4616; x_wconf 77' lang='grc'>17)</span> <span class='ocrx_word' id='word_1_347' title='bbox 1252 4551 1414 4616; x_wconf 86' lang='lat' dir='ltr'>prodituram</span> <span class='ocrx_word' id='word_1_348' title='bbox 1434 4565 1494 4601; x_wconf 90' lang='lat' dir='ltr'>esse</span> <span class='ocrx_word' id='word_1_349' title='bbox 1514 4550 1586 4624; x_wconf 74' lang='lat' dir='ltr'>dicit.</span> 
     </span>
     <span class='ocr_line' id='line_1_38' title="bbox 289 4645 1551 4718; baseline 0 -18"><span class='ocrx_word' id='word_1_350' title='bbox 289 4674 322 4687; x_wconf 91' lang='lat'><em>—</em></span> <span class='ocrx_word' id='word_1_351' title='bbox 342 4647 493 4713; x_wconf 85' lang='lat' dir='ltr'>Singulares</span> <span class='ocrx_word' id='word_1_352' title='bbox 512 4649 629 4715; x_wconf 91' lang='lat' dir='ltr'>Philippi</span> <span class='ocrx_word' id='word_1_353' title='bbox 647 4655 673 4699; x_wconf 90' lang='lat' dir='ltr'>et</span> <span class='ocrx_word' id='word_1_354' title='bbox 691 4648 837 4699; x_wconf 87' lang='lat' dir='ltr'>Alexandri</span> <span class='ocrx_word' id='word_1_355' title='bbox 854 4649 1020 4699; x_wconf 86' lang='lat' dir='ltr'>laudationes</span> <span class='ocrx_word' id='word_1_356' title='bbox 1040 4647 1143 4715; x_wconf 85' lang='lat' dir='ltr'>scripsit</span> <span class='ocrx_word' id='word_1_357' title='bbox 1163 4647 1310 4699; x_wconf 83' lang='lat' dir='ltr'>Lamachus</span> <span class='ocrx_word' id='word_1_358' title='bbox 1330 4648 1410 4712; x_wconf 77' lang='lat' dir='ltr'>(Plut.</span> <span class='ocrx_word' id='word_1_359' title='bbox 1423 4649 1499 4700; x_wconf 87' lang='lat' dir='ltr'>Deru.</span> <span class='ocrx_word' id='word_1_360' title='bbox 1513 4645 1551 4718; x_wconf 82' lang='grc'>9,).</span> 
     </span>
    </p>
   </div>
   <div class='ocr_carea' id='block_1_8' title="bbox 393 4741 1037 4816">
    <p class='ocr_par' dir='ltr' id='par_1_10' title="bbox 393 4741 1037 4816">
     <span class='ocr_line' id='line_1_39' title="bbox 393 4741 1037 4816; baseline 0.002 -18"><span class='ocrx_word' id='word_1_361' title='bbox 393 4741 523 4802; x_wconf 64' lang='grc' dir='ltr'>2Αῑὶιειι.</span> <span class='ocrx_word' id='word_1_362' title='bbox 541 4745 600 4796; x_wconf 85' lang='lat' dir='ltr'>x11</span> <span class='ocrx_word' id='word_1_363' title='bbox 618 4761 644 4814; x_wconf 89' lang='lat' dir='ltr'>p.</span> <span class='ocrx_word' id='word_1_364' title='bbox 663 4744 716 4800; x_wconf 81' lang='lat'>543</span> <span class='ocrx_word' id='word_1_365' title='bbox 728 4745 758 4799; x_wconf 89' lang='grc' dir='ltr'>Β.</span> <span class='ocrx_word' id='word_1_366' title='bbox 773 4747 802 4800; x_wconf 89' lang='lat' dir='ltr'>C.</span> <span class='ocrx_word' id='word_1_367' title='bbox 823 4746 892 4800; x_wconf 90' lang='lat' dir='ltr'>Plut.</span> <span class='ocrx_word' id='word_1_368' title='bbox 911 4747 974 4816; x_wconf 86' lang='lat' dir='ltr'>Lys.</span> <span class='ocrx_word' id='word_1_369' title='bbox 994 4745 1037 4799; x_wconf 85' lang='lat'>30.</span> 
     </span>
    </p>
   </div>
   <div class='ocr_carea' id='block_1_9' title="bbox 0 0 1798 5312">
    <p class='ocr_par' dir='ltr' id='par_1_11' title="bbox 0 0 1798 5312">
     <span class='ocr_line' id='line_1_40' title="bbox 0 0 1798 5312; baseline 0 0"><span class='ocrx_word' id='word_1_370' title='bbox 0 0 1798 5312; x_wconf 95' lang='lat' dir='ltr'> </span> 
     </span>
    </p>
   </div>
  </div>
 </body>
</html>
